4644 6414
1015 726 1267 786 PRAEFATIO.

994 934 1184 1021 CAPUT
1218 938 1312 1023 VH.

704 1109 752 1167 na
774 1107 909 1167 onusto
932 1106 1114 1168 uonuuo
1137 1107 1321 1169 umanruu
1343 1109 1553 1171 scansoria.

480 1258 693 1370 Singulari
726 1257 908 1369 quadam
941 1257 1154 1341 Fortunae
1188 1259 1411 1368 iniquitate
1443 1259 1614 1363 accidit,
1646 1270 1694 1341 ut
1727 1259 1778 1342 de
1817 1257 1980 1342 Granio

328 1419 486 1512 nostr0,
514 1407 633 1489 cuius
659 1434 767 1515 opus
793 1433 868 1513 per
896 1412 962 1486 tot
989 1404 1159 1487 saecula
1177 1404 1364 1489 tenebris
1384 1434 1481 1489 vore
1495 1405 1773 1516 Aegyptiacis
1800 1405 1981 1488 abscon·

330 1554 518 1655 debatur,
545 1549 862 1634 sciscitantibus
883 1549 1010 1633 nobis
1031 1549 1145 1660 apud
1166 1559 1329 1632 veteres
1352 1553 1579 1661 scriptores
1599 1553 1670 1634 vix
1691 1582 1777 1634 una
1797 1552 1981 1637 alterave

331 1704 421 1783 eius
446 1701 606 1782 mentio
634 1709 836 1800 occurrat,
863 1699 923 1779 ita
947 1708 996 1778 ut
1020 1695 1090 1779 vel
1117 1696 1170 1779 de
1196 1706 1333 1780 aetate
1359 1698 1546 1781 hominis
1566 1709 1728 1782 certum
1750 1699 1981 1809 quidquam

332 1850 586 1932 constituere
612 1844 726 1928 haud
751 1843 877 1928 facile
903 1870 997 1925 esse
1022 1843 1225 1925 videatur.
1283 1843 1455 1926 Etenim
1480 1842 1689 1929 Granium
1714 1847 1984 1929 Licinianum

332 1995 415 2077 duo
441 2004 608 2076 tantum
635 2000 829 2074 auctores
851 2001 1098 2095 memorant,
1124 1988 1367 2073 Macrobius
1395 1992 1559 2075 scilicet
1584 2004 1626 2076 et
1646 1990 1827 2077 Servius.
1868 1991 1984 2092 Quo-

324 2171 424 2243 ‚rum
450 2139 557 2223 alter
583 2137 691 2220 libro
714 2136 746 2221 I.
775 2136 982 2223 Saturnal.
1009 2166 1100 2246 cap.
1117 2139 1169 2220 16
1196 2135 1310 2248 (pag.
1325 2140 1404 2221 281
1434 2139 1532 2223 edit.
1545 2138 1733 2250 Bipont.)
1760 2139 1865 2223 haec
1886 2169 1985 2250 pro-

331 2290 430 2372 fert:
464 2292 628 2370 Ocurura
646 2312 733 2367 uero
754 2284 867 2367 Aulus
884 2284 1077 2366 camelolis
1102 2286 1205 2392 apud
1228 2282 1476 2368 Granium
1493 2286 1823 2370 Licinianum
1849 2287 1983 2370 libro

334 2434 563 2517 secundo
600 2432 761 2541 dilipeur
794 2432 910 2514 lector
935 2430 1104 2514 iuoeuiet.
1141 2431 1196 2513 ait
1228 2432 1324 2514 euim
1359 2433 1566 2515 ‘nundinas
1599 2434 1705 2516 Jouia
1731 2435 1852 2541 serr-ius
1885 2463 1983 2516 esre:

332 2582 518 2693 siquidem
544 2580 757 2664 Flaminica
789 2577 956 2660 omuibus
981 2577 1161 2659 nundinis
1195 2579 1236 2660 iu
1271 2580 1378 2689 reple
1403 2582 1489 2664 Joui
1520 2582 1673 2665 arietem
1705 2581 1825 2665 soleat
1856 2583 1983 2662 iruuao-

334 2731 438 2827 lare;
468 2732 537 2815 aed
560 2729 641 2837 lepe
665 2726 872 2810 Hortensia
899 2729 1067 2836 effectum
1100 2738 1143 2807 ut
1163 2729 1288 2833 sartae
1313 2741 1454 2826 esseut,
1488 2731 1543 2812 uti
1575 2731 1727 2827 rustici,
1760 2729 1824 2841 qui
1850 2729 1983 2810 uuudi·

334 2878 451 2959 naudi
478 2905 592 2958 eausa
616 2875 659 2957 iu
682 2872 811 2956 urbem
834 2872 1038 2969 ueuiebuut,
1065 2872 1148 2955 lites
1176 2875 1459 2983 componereut’.
1514 2875 1571 2958 Et
1598 2874 1769 2959 Servius
1796 2875 1841 2957 in
1868 2903 1985 2956 com·

334 3023 542 3106 mentario
562 3021 615 3103 ad
629 3019 778 3130 Virgil.
794 3019 968 3102 Aeneid.
988 3017 1062 3101 lib.
1077 3017 1108 3121 I,
1128 3048 1235 3103 vers.
1248 3024 1328 3104 737
1349 3020 1467 3132 (tom.
1481 3021 1534 3126 H,
1556 3051 1652 3134 pag.
1669 3029 1750 3108 110
1765 3023 1829 3106 ed.
1843 3019 1982 3130 Lion):

335 3174 434 3252 Nara
454 3172 557 3278 apud
575 3169 736 3251 maiorer
756 3180 904 3248 uestros
926 3168 1089 3275 seruiuae
1110 3195 1188 3249 uou
1206 3167 1403 3251 utebantur
1428 3169 1527 3264 uiuo,
1555 3171 1632 3252 uisi
1652 3199 1848 3253 sacrorum
1868 3197 1984 3250 causa

336 3319 445 3399 auus
471 3315 609 3397 diebus.
657 3315 845 3425 ‘Denique
866 3315 1029 3422 femina,
1061 3344 1156 3426 quae
1179 3313 1248 3397 sub
1272 3315 1431 3398 Romulo
1457 3317 1582 3399 uiuum
1604 3315 1705 3413 bibit,
1732 3317 1856 3399 cerua
1882 3329 1937 3397 eat
1962 3344 1985 3395 a

334 3464 491 3559 moriem
515 3460 753 3544 Meceuuiuo¹
773 3460 976 3558 absolutus,
1001 3464 1045 3543 id
1066 3462 1164 3544 euim
1189 3490 1323 3544 uorueu
1348 3461 1536 3545 aartn’2.
1561 3465 1618 3545 aie
1645 3463 1869 3548 Granius
1895 3463 1984 3544 Li-

336 3609 606 3692 cinianus³
633 3636 824 3690 coenae
857 3637 974 3690 suae
1003 3610 1221 3719 quint0⁴.

483 3754 648 3839 Deinde
675 3784 793 3857 vero,
826 3736 879 3837 ut*
899 3753 1146 3839 Granium
1171 3757 1509 3867 praeconem⁵
1542 3764 1585 3836 et
1611 3754 1743 3837 alium
1772 3755 1984 3866 quendam

335 3900 622 3986 medicuml
647 3914 832 4005 taceam,
868 3931 894 3985 a
928 3913 1075 3985 nostro
1108 3912 1200 3986 toto
1235 3901 1355 3985 coelo
1390 3902 1599 4005 diversos,
1632 3929 1789 3985 nomen
1823 3901 1984 3987 Grani

336 4050 505 4157 saepius
538 4050 651 4160 apud
677 4049 916 4133 Amobium
951 4050 1142 4133 occurrit
1202 4046 1359 4133 Scribit
1392 4049 1505 4130 enirn
1537 4047 1648 4130 libro
1671 4046 1746 4131 III.
1780 4050 1984 4134 adversus

430 4227 460 4304 1)
480 4232 650 4298 Mecantiua,
669 4233 827 4300 Mrteuiua,
847 4230 1018 4298 Matienius,
1035 4231 1206 4297 Masurius,
1226 4232 1387 4300 Mezaiuus,
1408 4226 1546 4285 Metellus
1566 4224 1649 4284 codd.
1656 4251 1664 4294 ;
1686 4231 1852 4286 Moneantur
1872 4226 1985 4287 exhibet

335 4319 425 4378 Valer.
446 4322 563 4380 Maxim.
584 4322 632 4380 lib.
646 4322 699 4395 VI,
720 4341 780 4400 cap.
795 4323 824 4397 3,
843 4321 901 4400 §.9
921 4321 970 4400 qui
990 4320 1107 4380 eandem
1126 4319 1302 4380 historiolam
1323 4329 1427 4379 narrat.
1505 4319 1536 4397 2)
1556 4319 1735 4378 Burmannus
1753 4319 1905 4400 inVirgIIIi
1926 4321 1984 4379 edi·

334 4412 410 4472 tione
430 4422 458 4472 et
476 4415 505 4472 in
529 4416 625 4476 Servio
646 4416 780 4474 Albertus
798 4415 872 4474 Lion
896 4433 954 4474 non
977 4423 1033 4472 tam
1058 4413 1130 4473 haec
1148 4415 1234 4474 verba
1261 4433 1345 4491 quam
1366 4413 1513 4491 sequentia
1533 4413 1641 4472 Granio
1666 4413 1876 4487 adiudicatae,
1902 4414 1984 4472 rerba
2052 4438 2056 4450 ·

335 4506 453 4567 scilicet:
472 4515 508 4569 lu
527 4510 659 4569 bistonio
680 4510 784 4570 lectura
803 4518 848 4568 est
868 4515 1076 4584 Romanorum,
1096 4512 1251 4568 uiuiuauui
1260 4509 1406 4566 Romania
1425 4506 1540 4580 sarrinia
1561 4508 1689 4582 ignotum
1701 4507 1803 4581 saissa
1825 4508 1984 4567 usacilicat

335 4604 367 4659 iu
386 4600 503 4676 aliquod
521 4603 637 4662 dedecus
657 4602 883 4710 prolaberentur
925 4602 1005 4661 Haec
1030 4612 1139 4677 autem,
1163 4610 1195 4660 ut
1217 4608 1293 4659 recte
1316 4596 1440 4658 viditv
1460 4597 1504 4658 Cl.
1527 4599 1679 4659 Mauritius
1698 4601 1812 4679 Haupt,
1837 4599 1986 4659 nonnisia

333 4693 516 4772 grammatico
537 4696 702 4774 quodam
679 4715 736 4755 sire
755 4694 908 4754 scholiasta
927 4694 1024 4754 addita
1042 4703 1118 4770 suat,
1137 4712 1229 4773 neque
1242 4711 1308 4753 vero
1327 4691 1357 4750 in
1376 4691 1467 4769 prima
1480 4691 1568 4751 Servii
1588 4692 1711 4752 editione
1727 4702 1879 4752 occurrunt
1899 4713 1982 4771 quam

333 4806 409 4851 anno
429 4789 554 4850 16361‘.
574 4791 676 4852 Daniel
694 4789 811 4849 narrarit.
888 4789 919 4867 3)
939 4793 1088 4851 Luciam
1107 4776 1178 4849 Ialsd
1198 4786 1311 4865 scripsit
1327 4784 1439 4845 Daniel
1516 4787 1548 4866 4)
1571 4789 1679 4848 aanor
1697 4805 1767 4845 suae
1780 4790 1889 4861 Quinto
1909 4787 1983 4848 desi·

335 4880 449 4940 deratm
467 4881 544 4959 apud
564 4883 718 4943 Danielem.
814 4884 846 4961 6)
863 4882 899 4942 de
917 4882 974 4943 hoc
993 4882 1043 4942 cfr.
1063 4880 1220 4942 dioran!
1212 4901 1243 4940 m
1261 4880 1352 4939 Bruto
1372 4897 1433 4957 cap.
1443 4883 1491 4957 43,
1512 4882 1605 4955 4160
1624 4887 1652 4936 et
1671 4897 1734 4958 cap.
1747 4882 1794 4954 46,
1815 4882 1841 4954 4.
1853 4883 1922 4952 172;
1947 4882 1983 4942 de

335 4975 456 5035 Oratore
475 4975 523 5034 lib.
540 4976 578 5048 ΙΙ,
597 4995 658 5054 cap.
675 4980 722 5053 70,
742 4981 769 5053 4.
783 4981 839 5040 281
860 4980 932 5052 eit.
949 4979 1021 5047 282,
1046 4986 1115 5036 orat.
1135 4997 1187 5056 pro
1207 4976 1302 5036 Plane.
1323 4992 1384 5051 cap.
1400 4976 1446 5048 14,
1466 4976 1490 5048 4
1506 4976 1560 5042 33;
1586 4972 1708 5031 Gellium
1729 4973 1777 5032 lib.
1792 4972 1841 5048 IV,
1861 4970 1921 5053 cap.
1935 4979 1983 5037 17.

335 5069 366 5147 6)
386 5068 449 5128 ride
467 5069 541 5129 Plin.
561 5068 650 5128 Ν..Η
670 5069 718 5127 lib.
730 5072 863 5148 XXVIII,
883 5091 944 5151 cap.
956 5073 984 5147 4,
1004 5073 1030 5145 4.
1041 5075 1059 5134 9
1079 5081 1107 5131 et
1125 5070 1228 5144 tom.l,
1247 5087 1310 5146 pag.
1321 5066 1431 5128 7711ιί1.
1454 5068 1497 5128 ed.
1518 5065 1608 5144 Sillig.
