<?xml version="1.0" encoding="UTF-8"?>
<!DOCTYPE html PUBLIC "-//W3C//DTD XHTML 1.0 Transitional//EN"
    "http://www.w3.org/TR/xhtml1/DTD/xhtml1-transitional.dtd">
<html xmlns="http://www.w3.org/1999/xhtml" xml:lang="en" lang="en">
 <head>
  <title>
</title>
<meta http-equiv="Content-Type" content="text/html;charset=utf-8" />
  <meta name='ocr-system' content='tesseract 3.04.00' />
  <meta name='ocr-capabilities' content='ocr_page ocr_carea ocr_par ocr_line ocrx_word'/>
</head>
<body>
  <div class='ocr_page' id='page_1' title='image "annaliumquaesup00pertgoog_0032.png"; bbox 0 0 4644 6414; ppageno 0'>
   <div class='ocr_carea' id='block_1_1' title="bbox 858 733 1106 795">
    <p class='ocr_par' dir='ltr' id='par_1_1' title="bbox 858 733 1106 795">
     <span class='ocr_line' id='line_1_1' title="bbox 858 733 1106 795; baseline 0.004 -3"><span class='ocrx_word' id='word_1_1' title='bbox 858 733 1106 795; x_wconf 71' lang='lat' dir='ltr'><strong>saturnio.</strong></span> 
     </span>
    </p>
   </div>
   <div class='ocr_carea' id='block_1_2' title="bbox 400 947 1563 1167">
    <p class='ocr_par' dir='ltr' id='par_1_2' title="bbox 400 947 1563 1167">
     <span class='ocr_line' id='line_1_2' title="bbox 682 947 1014 1031; baseline 0.012 -4"><span class='ocrx_word' id='word_1_2' title='bbox 682 1020 686 1027; x_wconf 90' lang='lat'><strong>.</strong></span> <span class='ocrx_word' id='word_1_3' title='bbox 939 947 1014 1031; x_wconf 86' lang='lat' dir='ltr'><strong>IX.</strong></span> 
     </span>
     <span class='ocr_line' id='line_1_3' title="bbox 400 1095 1563 1167; baseline -0.003 -4"><span class='ocrx_word' id='word_1_4' title='bbox 400 1095 704 1163; x_wconf 65' lang='lat' dir='ltr'><strong>smirnamum</strong></span> <span class='ocrx_word' id='word_1_5' title='bbox 725 1095 891 1158; x_wconf 76' lang='lat' dir='ltr'><strong>museus</strong></span> <span class='ocrx_word' id='word_1_6' title='bbox 914 1095 988 1167; x_wconf 75' lang='lat' dir='ltr'><strong>oua</strong></span> <span class='ocrx_word' id='word_1_7' title='bbox 1011 1098 1093 1159; x_wconf 83' lang='lat' dir='ltr'><strong>nou</strong></span> <span class='ocrx_word' id='word_1_8' title='bbox 1114 1097 1213 1159; x_wconf 82' lang='lat' dir='ltr'><strong>orem</strong></span> <span class='ocrx_word' id='word_1_9' title='bbox 1235 1101 1325 1162; x_wconf 76' lang='lat' dir='ltr'><strong>usse</strong></span> <span class='ocrx_word' id='word_1_10' title='bbox 1349 1100 1563 1162; x_wconf 76' lang='lat' dir='ltr'><strong>nomana.</strong></span> 
     </span>
    </p>
   </div>
   <div class='ocr_carea' id='block_1_3' title="bbox 150 1243 1881 4879">
    <p class='ocr_par' dir='ltr' id='par_1_3' title="bbox 150 1243 1807 2220">
     <span class='ocr_line' id='line_1_4' title="bbox 303 1243 1806 1360; baseline -0.003 -24"><span class='ocrx_word' id='word_1_11' title='bbox 303 1252 368 1336; x_wconf 87' lang='lat' dir='ltr'><strong>De</strong></span> <span class='ocrx_word' id='word_1_12' title='bbox 403 1249 654 1332; x_wconf 82' lang='lat' dir='ltr'><strong>auctoritate</strong></span> <span class='ocrx_word' id='word_1_13' title='bbox 685 1245 918 1330; x_wconf 76' lang='lat' dir='ltr'><strong>Annalium</strong></span> <span class='ocrx_word' id='word_1_14' title='bbox 945 1243 1079 1330; x_wconf 81' lang='lat' dir='ltr'><strong>Grani</strong></span> <span class='ocrx_word' id='word_1_15' title='bbox 1103 1248 1313 1333; x_wconf 83' lang='lat' dir='ltr'><strong>Liciniani</strong></span> <span class='ocrx_word' id='word_1_16' title='bbox 1345 1249 1648 1360; x_wconf 79' lang='lat' dir='ltr'><strong>quaerentibus</strong></span> <span class='ocrx_word' id='word_1_17' title='bbox 1681 1249 1806 1332; x_wconf 90' lang='lat' dir='ltr'><strong>nobis</strong></span> 
     </span>
     <span class='ocr_line' id='line_1_5' title="bbox 151 1391 1807 1508; baseline -0.002 -25"><span class='ocrx_word' id='word_1_18' title='bbox 151 1401 233 1483; x_wconf 85' lang='lat' dir='ltr'><strong>triu</strong></span> <span class='ocrx_word' id='word_1_19' title='bbox 264 1398 537 1508; x_wconf 88' lang='lat' dir='ltr'><strong>potissimum</strong></span> <span class='ocrx_word' id='word_1_20' title='bbox 569 1391 881 1477; x_wconf 84' lang='lat' dir='ltr'><strong>oonsideranda</strong></span> <span class='ocrx_word' id='word_1_21' title='bbox 908 1403 1027 1476; x_wconf 87' lang='lat' dir='ltr'><strong>sunt:</strong></span> <span class='ocrx_word' id='word_1_22' title='bbox 1059 1394 1235 1479; x_wconf 90' lang='lat' dir='ltr'><strong>fontes</strong></span> <span class='ocrx_word' id='word_1_23' title='bbox 1268 1396 1433 1479; x_wconf 82' lang='lat' dir='ltr'><strong>seilicet</strong></span> <span class='ocrx_word' id='word_1_24' title='bbox 1450 1430 1453 1439; x_wconf 64' lang='grc'><strong>’</strong></span> <span class='ocrx_word' id='word_1_25' title='bbox 1470 1396 1625 1505; x_wconf 88' lang='lat' dir='ltr'><strong>quibus</strong></span> <span class='ocrx_word' id='word_1_26' title='bbox 1659 1406 1807 1480; x_wconf 78' lang='lat' dir='ltr'><strong>auctor</strong></span> 
     </span>
     <span class='ocr_line' id='line_1_6' title="bbox 150 1538 1806 1652; baseline -0.005 -21"><span class='ocrx_word' id='word_1_27' title='bbox 150 1556 296 1632; x_wconf 85' lang='lat' dir='ltr'><strong>noster</strong></span> <span class='ocrx_word' id='word_1_28' title='bbox 331 1547 378 1627; x_wconf 94' lang='lat' dir='ltr'><strong>in</strong></span> <span class='ocrx_word' id='word_1_29' title='bbox 409 1542 589 1625; x_wconf 85' lang='lat' dir='ltr'><strong>historia</strong></span> <span class='ocrx_word' id='word_1_30' title='bbox 618 1538 927 1624; x_wconf 83' lang='lat' dir='ltr'><strong>conseribenda</strong></span> <span class='ocrx_word' id='word_1_31' title='bbox 948 1566 1054 1624; x_wconf 89' lang='lat' dir='ltr'><strong>usus</strong></span> <span class='ocrx_word' id='word_1_32' title='bbox 1087 1551 1172 1648; x_wconf 90' lang='lat' dir='ltr'><strong>est;</strong></span> <span class='ocrx_word' id='word_1_33' title='bbox 1217 1543 1370 1625; x_wconf 89' lang='lat' dir='ltr'><strong>deinde</strong></span> <span class='ocrx_word' id='word_1_34' title='bbox 1408 1544 1676 1652; x_wconf 81' lang='lat' dir='ltr'>ingenium</span> <span class='ocrx_word' id='word_1_35' title='bbox 1714 1544 1806 1624; x_wconf 89' lang='lat' dir='ltr'><strong>eius</strong></span> 
     </span>
     <span class='ocr_line' id='line_1_7' title="bbox 151 1684 1806 1805; baseline -0.002 -29"><span class='ocrx_word' id='word_1_36' title='bbox 151 1690 366 1805; x_wconf 85' lang='lat' dir='ltr'><strong>quomodo</strong></span> <span class='ocrx_word' id='word_1_37' title='bbox 387 1690 514 1772; x_wconf 85' lang='lat' dir='ltr'><strong>fuerit</strong></span> <span class='ocrx_word' id='word_1_38' title='bbox 531 1688 833 1793; x_wconf 70' lang='lat' dir='ltr'><strong>constitutum,</strong></span> <span class='ocrx_word' id='word_1_39' title='bbox 857 1684 1041 1797; x_wconf 89' lang='lat' dir='ltr'><strong>denique</strong></span> <span class='ocrx_word' id='word_1_40' title='bbox 1062 1715 1189 1797; x_wconf 90' lang='lat' dir='ltr'><strong>quem</strong></span> <span class='ocrx_word' id='word_1_41' title='bbox 1215 1688 1374 1772; x_wconf 87' lang='lat' dir='ltr'><strong>finem</strong></span> <span class='ocrx_word' id='word_1_42' title='bbox 1400 1690 1445 1771; x_wconf 93' lang='lat' dir='ltr'><strong>in</strong></span> <span class='ocrx_word' id='word_1_43' title='bbox 1467 1688 1692 1770; x_wconf 80' lang='lat' dir='ltr'><strong>scribendo</strong></span> <span class='ocrx_word' id='word_1_44' title='bbox 1713 1690 1806 1798; x_wconf 91' lang='lat' dir='ltr'><strong>ipse</strong></span> 
     </span>
     <span class='ocr_line' id='line_1_8' title="bbox 153 1831 1806 1948; baseline -0.002 -26"><span class='ocrx_word' id='word_1_45' title='bbox 153 1838 236 1924; x_wconf 88' lang='lat' dir='ltr'><strong>sibi</strong></span> <span class='ocrx_word' id='word_1_46' title='bbox 255 1836 543 1948; x_wconf 82' lang='lat' dir='ltr'>proposuerit:</span> <span class='ocrx_word' id='word_1_47' title='bbox 567 1843 709 1916; x_wconf 90' lang='lat' dir='ltr'><strong>utrum</strong></span> <span class='ocrx_word' id='word_1_48' title='bbox 729 1831 838 1916; x_wconf 89' lang='lat' dir='ltr'><strong>nihil</strong></span> <span class='ocrx_word' id='word_1_49' title='bbox 852 1832 976 1916; x_wconf 92' lang='lat' dir='ltr'><strong>illum</strong></span> <span class='ocrx_word' id='word_1_50' title='bbox 996 1836 1080 1917; x_wconf 93' lang='lat' dir='ltr'><strong>nisi</strong></span> <span class='ocrx_word' id='word_1_51' title='bbox 1099 1837 1321 1918; x_wconf 88' lang='lat' dir='ltr'><strong>veritatem</strong></span> <span class='ocrx_word' id='word_1_52' title='bbox 1341 1845 1652 1944; x_wconf 84' lang='lat' dir='ltr'><strong>consequutum</strong></span> <span class='ocrx_word' id='word_1_53' title='bbox 1672 1833 1806 1919; x_wconf 88' lang='lat' dir='ltr'><strong>fuisse</strong></span> 
     </span>
     <span class='ocr_line' id='line_1_9' title="bbox 153 1977 1806 2090; baseline -0.004 -21"><span class='ocrx_word' id='word_1_54' title='bbox 153 1983 381 2069; x_wconf 87' lang='lat' dir='ltr'><strong>dioendum</strong></span> <span class='ocrx_word' id='word_1_55' title='bbox 406 1982 473 2083; x_wconf 89' lang='lat' dir='ltr'><strong>sit,</strong></span> <span class='ocrx_word' id='word_1_56' title='bbox 500 2008 554 2062; x_wconf 87' lang='lat' dir='ltr'><strong>an</strong></span> <span class='ocrx_word' id='word_1_57' title='bbox 580 1980 644 2062; x_wconf 89' lang='lat' dir='ltr'><strong>ira</strong></span> <span class='ocrx_word' id='word_1_58' title='bbox 663 1977 732 2062; x_wconf 93' lang='lat' dir='ltr'><strong>vel</strong></span> <span class='ocrx_word' id='word_1_59' title='bbox 753 1978 896 2063; x_wconf 89' lang='lat' dir='ltr'><strong>studio</strong></span> <span class='ocrx_word' id='word_1_60' title='bbox 920 1978 1098 2064; x_wconf 82' lang='lat' dir='ltr'><strong>ductum</strong></span> <span class='ocrx_word' id='word_1_61' title='bbox 1120 2010 1146 2064; x_wconf 89' lang='lat' dir='ltr'><strong>a</strong></span> <span class='ocrx_word' id='word_1_62' title='bbox 1164 2009 1265 2064; x_wconf 90' lang='lat' dir='ltr'><strong>vero</strong></span> <span class='ocrx_word' id='word_1_63' title='bbox 1287 2008 1609 2090; x_wconf 78' lang='lat' dir='ltr'><strong>nonnumquam</strong></span> <span class='ocrx_word' id='word_1_64' title='bbox 1632 1980 1806 2064; x_wconf 86' lang='lat' dir='ltr'><strong>absees-</strong></span> 
     </span>
     <span class='ocr_line' id='line_1_10' title="bbox 150 2127 638 2220; baseline -0.023 -1"><span class='ocrx_word' id='word_1_65' title='bbox 150 2136 259 2220; x_wconf 81' lang='lat' dir='ltr'><strong>sisse</strong></span> <span class='ocrx_word' id='word_1_66' title='bbox 283 2160 382 2215; x_wconf 90' lang='lat' dir='ltr'><strong>eum</strong></span> <span class='ocrx_word' id='word_1_67' title='bbox 406 2127 638 2210; x_wconf 88' lang='lat' dir='ltr'><strong>videamus.</strong></span> 
     </span>
    </p>

    <p class='ocr_par' dir='ltr' id='par_1_4' title="bbox 151 2272 1881 4879">
     <span class='ocr_line' id='line_1_11' title="bbox 302 2272 1806 2386; baseline -0.003 -26"><span class='ocrx_word' id='word_1_68' title='bbox 302 2277 452 2386; x_wconf 87' lang='lat' dir='ltr'><strong>Itaque</strong></span> <span class='ocrx_word' id='word_1_69' title='bbox 478 2273 592 2384; x_wconf 90' lang='lat' dir='ltr'><strong>quod</strong></span> <span class='ocrx_word' id='word_1_70' title='bbox 618 2272 872 2356; x_wconf 79' lang='lat' dir='ltr'><strong>adfantes</strong></span> <span class='ocrx_word' id='word_1_71' title='bbox 903 2274 1055 2356; x_wconf 81' lang='lat' dir='ltr'><strong>attinet</strong></span> <span class='ocrx_word' id='word_1_72' title='bbox 1087 2272 1243 2384; x_wconf 89' lang='lat' dir='ltr'><strong>quibus</strong></span> <span class='ocrx_word' id='word_1_73' title='bbox 1270 2273 1455 2358; x_wconf 85' lang='lat' dir='ltr'><strong>Granius</strong></span> <span class='ocrx_word' id='word_1_74' title='bbox 1482 2275 1646 2375; x_wconf 86' lang='lat' dir='ltr'><strong>nititur,</strong></span> <span class='ocrx_word' id='word_1_75' title='bbox 1674 2300 1806 2382; x_wconf 90' lang='lat' dir='ltr'><strong>quum</strong></span> 
     </span>
     <span class='ocr_line' id='line_1_12' title="bbox 151 2418 1806 2531; baseline -0.005 -18"><span class='ocrx_word' id='word_1_76' title='bbox 151 2430 237 2512; x_wconf 87' lang='lat' dir='ltr'><strong>iam</strong></span> <span class='ocrx_word' id='word_1_77' title='bbox 270 2456 323 2510; x_wconf 88' lang='lat' dir='ltr'><strong>ex</strong></span> <span class='ocrx_word' id='word_1_78' title='bbox 355 2424 450 2531; x_wconf 90' lang='lat' dir='ltr'><strong>ipsa</strong></span> <span class='ocrx_word' id='word_1_79' title='bbox 483 2449 529 2503; x_wconf 92' lang='lat' dir='ltr'><strong>re</strong></span> <span class='ocrx_word' id='word_1_80' title='bbox 565 2422 622 2503; x_wconf 88' lang='lat' dir='ltr'><strong>sit</strong></span> <span class='ocrx_word' id='word_1_81' title='bbox 653 2421 742 2502; x_wconf 91' lang='lat' dir='ltr'><strong>veri</strong></span> <span class='ocrx_word' id='word_1_82' title='bbox 776 2419 1040 2502; x_wconf 89' lang='lat' dir='ltr'><strong>simillimum</strong></span> <span class='ocrx_word' id='word_1_83' title='bbox 1073 2420 1297 2529; x_wconf 87' lang='lat' dir='ltr'><strong>permultis</strong></span> <span class='ocrx_word' id='word_1_84' title='bbox 1332 2450 1430 2502; x_wconf 89' lang='lat' dir='ltr'><strong>eum</strong></span> <span class='ocrx_word' id='word_1_85' title='bbox 1461 2418 1806 2528; x_wconf 87' lang='lat' dir='ltr'><strong>praecedentium</strong></span> 
     </span>
     <span class='ocr_line' id='line_1_13' title="bbox 152 2565 1807 2680; baseline -0.005 -26"><span class='ocrx_word' id='word_1_86' title='bbox 152 2572 407 2680; x_wconf 73' lang='lat' dir='ltr'><strong>scriptorum</strong></span> <span class='ocrx_word' id='word_1_87' title='bbox 447 2565 567 2649; x_wconf 93' lang='lat' dir='ltr'><strong>libris</strong></span> <span class='ocrx_word' id='word_1_88' title='bbox 609 2594 736 2648; x_wconf 89' lang='lat' dir='ltr'><strong>usum</strong></span> <span class='ocrx_word' id='word_1_89' title='bbox 771 2566 921 2668; x_wconf 87' lang='lat' dir='ltr'><strong>fnisse,</strong></span> <span class='ocrx_word' id='word_1_90' title='bbox 965 2576 1057 2649; x_wconf 92' lang='lat' dir='ltr'><strong>tum</strong></span> <span class='ocrx_word' id='word_1_91' title='bbox 1087 2569 1300 2676; x_wconf 78' lang='lat' dir='ltr'><strong>expressis</strong></span> <span class='ocrx_word' id='word_1_92' title='bbox 1332 2566 1474 2649; x_wconf 86' lang='lat' dir='ltr'><strong>verbis</strong></span> <span class='ocrx_word' id='word_1_93' title='bbox 1505 2565 1548 2647; x_wconf 93' lang='lat' dir='ltr'><strong>id</strong></span> <span class='ocrx_word' id='word_1_94' title='bbox 1583 2565 1807 2648; x_wconf 80' lang='lat' dir='ltr'><strong>confirmat</strong></span> 
     </span>
     <span class='ocr_line' id='line_1_14' title="bbox 151 2710 1808 2826; baseline -0.003 -25"><span class='ocrx_word' id='word_1_95' title='bbox 151 2717 341 2801; x_wconf 76' lang='lat' dir='ltr'><strong>dieens¹2</strong></span> <span class='ocrx_word' id='word_1_96' title='bbox 367 2716 508 2826; x_wconf 76' lang='lat' dir='ltr'><strong>equites</strong></span> <span class='ocrx_word' id='word_1_97' title='bbox 528 2741 614 2796; x_wconf 82' lang='lat' dir='ltr'><strong>vero</strong></span> <span class='ocrx_word' id='word_1_98' title='bbox 638 2710 852 2821; x_wconf 83' lang='lat' dir='ltr'><strong>plurimi</strong></span> <span class='ocrx_word' id='word_1_99' title='bbox 877 2722 1115 2797; x_wconf 82' lang='lat' dir='ltr'><strong>auctores</strong></span> <span class='ocrx_word' id='word_1_100' title='bbox 1142 2712 1365 2810; x_wconf 68' lang='lat' dir='ltr'><strong>merebant,</strong></span> <span class='ocrx_word' id='word_1_101' title='bbox 1387 2742 1456 2796; x_wconf 81' lang='lat' dir='ltr'><strong>aec</strong></span> <span class='ocrx_word' id='word_1_102' title='bbox 1477 2740 1542 2796; x_wconf 84' lang='lat' dir='ltr'><strong>eos</strong></span> <span class='ocrx_word' id='word_1_103' title='bbox 1559 2711 1808 2796; x_wconf 61' lang='lat' dir='ltr'><strong>manaae</strong></span> 
     </span>
     <span class='ocr_line' id='line_1_15' title="bbox 152 2858 1807 2974; baseline -0.004 -24"><span class='ocrx_word' id='word_1_104' title='bbox 152 2862 430 2974; x_wconf 79' lang='lat' dir='ltr'><strong>Singulorum</strong></span> <span class='ocrx_word' id='word_1_105' title='bbox 457 2888 557 2944; x_wconf 89' lang='lat' dir='ltr'><strong>vero</strong></span> <span class='ocrx_word' id='word_1_106' title='bbox 584 2886 693 2968; x_wconf 89' lang='lat' dir='ltr'><strong>quos</strong></span> <span class='ocrx_word' id='word_1_107' title='bbox 720 2868 926 2967; x_wconf 90' lang='lat' dir='ltr'><strong>sequutus</strong></span> <span class='ocrx_word' id='word_1_108' title='bbox 952 2861 1009 2944; x_wconf 92' lang='lat' dir='ltr'><strong>sit</strong></span> <span class='ocrx_word' id='word_1_109' title='bbox 1033 2861 1126 2963; x_wconf 88' lang='lat' dir='ltr'><strong>etsi,</strong></span> <span class='ocrx_word' id='word_1_110' title='bbox 1151 2869 1330 2969; x_wconf 83' lang='lat' dir='ltr'><strong>excepto</strong></span> <span class='ocrx_word' id='word_1_111' title='bbox 1352 2888 1438 2943; x_wconf 91' lang='lat' dir='ltr'><strong>uno</strong></span> <span class='ocrx_word' id='word_1_112' title='bbox 1460 2858 1664 2943; x_wconf 83' lang='lat' dir='ltr'><strong>Sallustio</strong></span> <span class='ocrx_word' id='word_1_113' title='bbox 1675 2861 1703 2962; x_wconf 75' lang='lat'><strong>²,</strong></span> <span class='ocrx_word' id='word_1_114' title='bbox 1728 2888 1807 2944; x_wconf 89' lang='lat' dir='ltr'><strong>no·</strong></span> 
     </span>
     <span class='ocr_line' id='line_1_16' title="bbox 152 3005 1807 3119; baseline -0.003 -25"><span class='ocrx_word' id='word_1_115' title='bbox 152 3012 271 3094; x_wconf 87' lang='lat' dir='ltr'><strong>mina</strong></span> <span class='ocrx_word' id='word_1_116' title='bbox 294 3007 594 3119; x_wconf 80' lang='lat' dir='ltr'><strong>praetenuisit,</strong></span> <span class='ocrx_word' id='word_1_117' title='bbox 628 3005 712 3087; x_wconf 89' lang='lat' dir='ltr'><strong>nisi</strong></span> <span class='ocrx_word' id='word_1_118' title='bbox 737 3006 881 3114; x_wconf 89' lang='lat' dir='ltr'><strong>potius</strong></span> <span class='ocrx_word' id='word_1_119' title='bbox 915 3005 1139 3117; x_wconf 82' lang='lat' dir='ltr'><strong>iniquitate</strong></span> <span class='ocrx_word' id='word_1_120' title='bbox 1164 3017 1403 3116; x_wconf 82' lang='lat' dir='ltr'><strong>temporum</strong></span> <span class='ocrx_word' id='word_1_121' title='bbox 1430 3007 1640 3089; x_wconf 88' lang='lat' dir='ltr'><strong>interiisse</strong></span> <span class='ocrx_word' id='word_1_122' title='bbox 1665 3035 1717 3089; x_wconf 90' lang='lat' dir='ltr'><strong>ea</strong></span> <span class='ocrx_word' id='word_1_123' title='bbox 1742 3006 1807 3089; x_wconf 88' lang='lat' dir='ltr'><strong>di·-</strong></span> 
     </span>
     <span class='ocr_line' id='line_1_17' title="bbox 153 3152 1807 3240; baseline 0 -1"><span class='ocrx_word' id='word_1_124' title='bbox 153 3154 336 3240; x_wconf 85' lang='lat' dir='ltr'><strong>eendum</strong></span> <span class='ocrx_word' id='word_1_125' title='bbox 358 3165 444 3238; x_wconf 89' lang='lat' dir='ltr'><strong>est:</strong></span> <span class='ocrx_word' id='word_1_126' title='bbox 471 3164 615 3236; x_wconf 82' lang='lat' dir='ltr'><strong>tamen</strong></span> <span class='ocrx_word' id='word_1_127' title='bbox 647 3180 700 3234; x_wconf 87' lang='lat' dir='ltr'><strong>ex</strong></span> <span class='ocrx_word' id='word_1_128' title='bbox 725 3152 946 3236; x_wconf 89' lang='lat' dir='ltr'><strong>nonnullis</strong></span> <span class='ocrx_word' id='word_1_129' title='bbox 971 3152 1204 3236; x_wconf 85' lang='lat' dir='ltr'><strong>Annalium</strong></span> <span class='ocrx_word' id='word_1_130' title='bbox 1232 3153 1339 3236; x_wconf 87' lang='lat' dir='ltr'><strong>loeis</strong></span> <span class='ocrx_word' id='word_1_131' title='bbox 1366 3153 1418 3234; x_wconf 89' lang='lat' dir='ltr'><strong>de</strong></span> <span class='ocrx_word' id='word_1_132' title='bbox 1443 3152 1635 3235; x_wconf 86' lang='lat' dir='ltr'><strong>fontibus</strong></span> <span class='ocrx_word' id='word_1_133' title='bbox 1661 3182 1807 3239; x_wconf 86' lang='lat' dir='ltr'><strong>eorum</strong></span> 
     </span>
     <span class='ocr_line' id='line_1_18' title="bbox 153 3298 1807 3411; baseline -0.002 -23"><span class='ocrx_word' id='word_1_134' title='bbox 153 3304 442 3388; x_wconf 78' lang='lat' dir='ltr'><strong>oonieoturam</strong></span> <span class='ocrx_word' id='word_1_135' title='bbox 472 3300 610 3382; x_wconf 84' lang='lat' dir='ltr'><strong>faeere</strong></span> <span class='ocrx_word' id='word_1_136' title='bbox 646 3298 805 3382; x_wconf 86' lang='lat' dir='ltr'><strong>lioebit.</strong></span> <span class='ocrx_word' id='word_1_137' title='bbox 858 3298 1059 3411; x_wconf 81' lang='lat' dir='ltr'><strong>Prodigia</strong></span> <span class='ocrx_word' id='word_1_138' title='bbox 1092 3302 1203 3384; x_wconf 89' lang='lat' dir='ltr'><strong>enim</strong></span> <span class='ocrx_word' id='word_1_139' title='bbox 1241 3310 1285 3382; x_wconf 89' lang='lat' dir='ltr'><strong>et</strong></span> <span class='ocrx_word' id='word_1_140' title='bbox 1316 3299 1369 3382; x_wconf 89' lang='lat' dir='ltr'><strong>ad</strong></span> <span class='ocrx_word' id='word_1_141' title='bbox 1400 3299 1649 3410; x_wconf 83' lang='lat' dir='ltr'><strong>religionem</strong></span> <span class='ocrx_word' id='word_1_142' title='bbox 1677 3304 1807 3410; x_wconf 86' lang='lat' dir='ltr'><strong>perti-</strong></span> 
     </span>
     <span class='ocr_line' id='line_1_19' title="bbox 152 3444 1807 3557; baseline -0.002 -22"><span class='ocrx_word' id='word_1_143' title='bbox 152 3450 310 3551; x_wconf 84' lang='lat' dir='ltr'><strong>nentia,</strong></span> <span class='ocrx_word' id='word_1_144' title='bbox 337 3474 446 3557; x_wconf 86' lang='lat' dir='ltr'><strong>quae</strong></span> <span class='ocrx_word' id='word_1_145' title='bbox 469 3473 497 3529; x_wconf 86' lang='lat' dir='ltr'><strong>a</strong></span> <span class='ocrx_word' id='word_1_146' title='bbox 521 3444 683 3530; x_wconf 83' lang='lat' dir='ltr'><strong>Granio</strong></span> <span class='ocrx_word' id='word_1_147' title='bbox 706 3456 854 3529; x_wconf 81' lang='lat' dir='ltr'><strong>nostro</strong></span> <span class='ocrx_word' id='word_1_148' title='bbox 880 3444 1206 3557; x_wconf 83' lang='lat' dir='ltr'><strong>diligentissime</strong></span> <span class='ocrx_word' id='word_1_149' title='bbox 1231 3448 1394 3557; x_wconf 89' lang='lat' dir='ltr'><strong>passim</strong></span> <span class='ocrx_word' id='word_1_150' title='bbox 1420 3445 1623 3530; x_wconf 86' lang='lat' dir='ltr'><strong>adnotata</strong></span> <span class='ocrx_word' id='word_1_151' title='bbox 1642 3450 1807 3532; x_wconf 86' lang='lat' dir='ltr'><strong>inveni-</strong></span> 
     </span>
     <span class='ocr_line' id='line_1_20' title="bbox 152 3591 1806 3704; baseline -0.003 -21"><span class='ocrx_word' id='word_1_152' title='bbox 152 3596 289 3698; x_wconf 65' lang='lat' dir='ltr'><strong>musl,</strong></span> <span class='ocrx_word' id='word_1_153' title='bbox 319 3622 372 3677; x_wconf 87' lang='lat' dir='ltr'><strong>ex</strong></span> <span class='ocrx_word' id='word_1_154' title='bbox 399 3621 585 3704; x_wconf 86' lang='lat' dir='ltr'><strong>quonam</strong></span> <span class='ocrx_word' id='word_1_155' title='bbox 616 3594 761 3702; x_wconf 91' lang='lat' dir='ltr'><strong>potius</strong></span> <span class='ocrx_word' id='word_1_156' title='bbox 786 3591 905 3676; x_wconf 87' lang='lat' dir='ltr'><strong>fonte</strong></span> <span class='ocrx_word' id='word_1_157' title='bbox 935 3593 1150 3677; x_wconf 88' lang='lat' dir='ltr'><strong>effluxisse</strong></span> <span class='ocrx_word' id='word_1_158' title='bbox 1183 3593 1373 3675; x_wconf 82' lang='lat' dir='ltr'><strong>dicemus</strong></span> <span class='ocrx_word' id='word_1_159' title='bbox 1400 3619 1528 3701; x_wconf 89' lang='lat' dir='ltr'><strong>quam</strong></span> <span class='ocrx_word' id='word_1_160' title='bbox 1553 3622 1607 3676; x_wconf 87' lang='lat' dir='ltr'><strong>ex</strong></span> <span class='ocrx_word' id='word_1_161' title='bbox 1633 3595 1806 3679; x_wconf 86' lang='lat' dir='ltr'><strong>Anna·</strong></span> 
     </span>
     <span class='ocr_line' id='line_1_21' title="bbox 152 3738 1806 3852; baseline -0.001 -24"><span class='ocrx_word' id='word_1_162' title='bbox 152 3743 294 3828; x_wconf 91' lang='lat' dir='ltr'><strong>libus</strong></span> <span class='ocrx_word' id='word_1_163' title='bbox 315 3738 584 3824; x_wconf 79' lang='lat' dir='ltr'><strong>Maximis?</strong></span> <span class='ocrx_word' id='word_1_164' title='bbox 612 3738 777 3822; x_wconf 81' lang='lat' dir='ltr'><strong>Eodem</strong></span> <span class='ocrx_word' id='word_1_165' title='bbox 797 3738 924 3822; x_wconf 90' lang='lat' dir='ltr'><strong>modo</strong></span> <span class='ocrx_word' id='word_1_166' title='bbox 946 3740 1172 3823; x_wconf 78' lang='lat' dir='ltr'><strong>consulum</strong></span> <span class='ocrx_word' id='word_1_167' title='bbox 1192 3741 1367 3822; x_wconf 89' lang='lat' dir='ltr'><strong>nomina</strong></span> <span class='ocrx_word' id='word_1_168' title='bbox 1384 3742 1806 3852; x_wconf 86' lang='lat' dir='ltr'><strong>magistratuumque,</strong></span> 
     </span>
     <span class='ocr_line' id='line_1_22' title="bbox 152 3886 1807 4002; baseline -0.001 -28"><span class='ocrx_word' id='word_1_169' title='bbox 152 3917 264 4002; x_wconf 82' lang='lat' dir='ltr'><strong>quae</strong></span> <span class='ocrx_word' id='word_1_170' title='bbox 285 3887 467 3998; x_wconf 88' lang='lat' dir='ltr'><strong>singulis</strong></span> <span class='ocrx_word' id='word_1_171' title='bbox 487 3886 623 3988; x_wconf 87' lang='lat' dir='ltr'><strong>annis,</strong></span> <span class='ocrx_word' id='word_1_172' title='bbox 643 3896 692 3968; x_wconf 91' lang='lat' dir='ltr'><strong>ut</strong></span> <span class='ocrx_word' id='word_1_173' title='bbox 711 3912 841 3994; x_wconf 85' lang='lat' dir='ltr'><strong>supra</strong></span> <span class='ocrx_word' id='word_1_174' title='bbox 858 3886 1135 3989; x_wconf 85' lang='lat' dir='ltr'><strong>ostendimus,</strong></span> <span class='ocrx_word' id='word_1_175' title='bbox 1156 3889 1441 3996; x_wconf 81' lang='lat' dir='ltr'><strong>superscripta</strong></span> <span class='ocrx_word' id='word_1_176' title='bbox 1468 3899 1599 3989; x_wconf 89' lang='lat' dir='ltr'><strong>erant,</strong></span> <span class='ocrx_word' id='word_1_177' title='bbox 1618 3917 1697 3971; x_wconf 84' lang='lat' dir='ltr'><strong>nee</strong></span> <span class='ocrx_word' id='word_1_178' title='bbox 1719 3918 1807 3973; x_wconf 89' lang='lat' dir='ltr'><strong>non</strong></span> 
     </span>
     <span class='ocr_line' id='line_1_23' title="bbox 152 4032 1808 4148; baseline -0.002 -25"><span class='ocrx_word' id='word_1_179' title='bbox 152 4041 456 4148; x_wconf 89' lang='lat' dir='ltr'><strong>imperatorum</strong></span> <span class='ocrx_word' id='word_1_180' title='bbox 489 4033 728 4142; x_wconf 89' lang='lat' dir='ltr'><strong>triumphos</strong></span> <span class='ocrx_word' id='word_1_181' title='bbox 762 4061 813 4116; x_wconf 86' lang='lat' dir='ltr'><strong>ae</strong></span> <span class='ocrx_word' id='word_1_182' title='bbox 846 4032 1011 4143; x_wconf 87' lang='lat' dir='ltr'><strong>reliqua</strong></span> <span class='ocrx_word' id='word_1_183' title='bbox 1044 4034 1252 4117; x_wconf 90' lang='lat' dir='ltr'><strong>eiusmodi</strong></span> <span class='ocrx_word' id='word_1_184' title='bbox 1293 4062 1345 4116; x_wconf 87' lang='lat' dir='ltr'><strong>ex</strong></span> <span class='ocrx_word' id='word_1_185' title='bbox 1374 4034 1481 4145; x_wconf 90' lang='lat' dir='ltr'><strong>ipsis</strong></span> <span class='ocrx_word' id='word_1_186' title='bbox 1517 4033 1695 4120; x_wconf 87' lang='lat' dir='ltr'><strong>Fastis</strong></span> <span class='ocrx_word' id='word_1_187' title='bbox 1733 4036 1808 4120; x_wconf 87' lang='lat' dir='ltr'><strong>de·</strong></span> 
     </span>
     <span class='ocr_line' id='line_1_24' title="bbox 152 4178 1807 4293; baseline -0.001 -24"><span class='ocrx_word' id='word_1_188' title='bbox 152 4183 390 4293; x_wconf 83' lang='lat' dir='ltr'><strong>sumpsisse</strong></span> <span class='ocrx_word' id='word_1_189' title='bbox 407 4179 533 4262; x_wconf 90' lang='lat' dir='ltr'><strong>illum</strong></span> <span class='ocrx_word' id='word_1_190' title='bbox 553 4178 756 4262; x_wconf 80' lang='lat' dir='ltr'><strong>credibile</strong></span> <span class='ocrx_word' id='word_1_191' title='bbox 777 4189 855 4263; x_wconf 91' lang='lat' dir='ltr'><strong>est.</strong></span> <span class='ocrx_word' id='word_1_192' title='bbox 887 4179 1054 4265; x_wconf 85' lang='lat' dir='ltr'><strong>Deinde</strong></span> <span class='ocrx_word' id='word_1_193' title='bbox 1073 4178 1347 4291; x_wconf 85' lang='lat' dir='ltr'><strong>Polybium</strong></span> <span class='ocrx_word' id='word_1_194' title='bbox 1372 4191 1519 4263; x_wconf 86' lang='lat' dir='ltr'><strong>nostro</strong></span> <span class='ocrx_word' id='word_1_195' title='bbox 1540 4192 1639 4264; x_wconf 83' lang='lat' dir='ltr'><strong>ante</strong></span> <span class='ocrx_word' id='word_1_196' title='bbox 1658 4183 1807 4267; x_wconf 86' lang='lat' dir='ltr'><strong>oeulos</strong></span> 
     </span>
     <span class='ocr_line' id='line_1_25' title="bbox 151 4324 1807 4437; baseline 0 -21"><span class='ocrx_word' id='word_1_197' title='bbox 151 4330 298 4433; x_wconf 78' lang='lat' dir='ltr'><strong>fuisse,</strong></span> <span class='ocrx_word' id='word_1_198' title='bbox 323 4327 368 4410; x_wconf 90' lang='lat' dir='ltr'><strong>ni</strong></span> <span class='ocrx_word' id='word_1_199' title='bbox 386 4326 524 4428; x_wconf 85' lang='lat' dir='ltr'><strong>fallor,</strong></span> <span class='ocrx_word' id='word_1_200' title='bbox 544 4326 666 4409; x_wconf 84' lang='lat' dir='ltr'><strong>loeus</strong></span> <span class='ocrx_word' id='word_1_201' title='bbox 686 4327 874 4410; x_wconf 90' lang='lat' dir='ltr'><strong>ostendit</strong></span> <span class='ocrx_word' id='word_1_202' title='bbox 893 4329 966 4437; x_wconf 93' lang='lat' dir='ltr'><strong>qui</strong></span> <span class='ocrx_word' id='word_1_203' title='bbox 986 4325 1038 4409; x_wconf 91' lang='lat' dir='ltr'><strong>de</strong></span> <span class='ocrx_word' id='word_1_204' title='bbox 1051 4327 1280 4428; x_wconf 87' lang='lat' dir='ltr'><strong>Demetrio,</strong></span> <span class='ocrx_word' id='word_1_205' title='bbox 1305 4324 1471 4410; x_wconf 83' lang='lat' dir='ltr'><strong>Seleuci</strong></span> <span class='ocrx_word' id='word_1_206' title='bbox 1491 4327 1592 4429; x_wconf 87' lang='lat' dir='ltr'><strong>filio,</strong></span> <span class='ocrx_word' id='word_1_207' title='bbox 1612 4334 1807 4416; x_wconf 81' lang='lat' dir='ltr'><strong>tractat⁴:</strong></span> 
     </span>
     <span class='ocr_line' id='line_1_26' title="bbox 153 4469 1807 4591; baseline -0.001 -29"><span class='ocrx_word' id='word_1_208' title='bbox 153 4480 312 4591; x_wconf 90' lang='lat' dir='ltr'><strong>quippe</strong></span> <span class='ocrx_word' id='word_1_209' title='bbox 344 4476 418 4584; x_wconf 94' lang='lat' dir='ltr'><strong>qui</strong></span> <span class='ocrx_word' id='word_1_210' title='bbox 449 4469 670 4582; x_wconf 83' lang='lat' dir='ltr'><strong>tantopere</strong></span> <span class='ocrx_word' id='word_1_211' title='bbox 706 4501 804 4556; x_wconf 87' lang='lat' dir='ltr'><strong>eum</strong></span> <span class='ocrx_word' id='word_1_212' title='bbox 831 4472 1003 4584; x_wconf 88' lang='lat' dir='ltr'><strong>Polybii</strong></span> <span class='ocrx_word' id='word_1_213' title='bbox 1034 4471 1175 4555; x_wconf 87' lang='lat' dir='ltr'><strong>verbis</strong></span> <span class='ocrx_word' id='word_1_214' title='bbox 1209 4474 1440 4576; x_wconf 78' lang='lat' dir='ltr'><strong>consentit,</strong></span> <span class='ocrx_word' id='word_1_215' title='bbox 1476 4483 1524 4554; x_wconf 87' lang='lat' dir='ltr'><strong>ut</strong></span> <span class='ocrx_word' id='word_1_216' title='bbox 1548 4475 1729 4559; x_wconf 88' lang='lat' dir='ltr'><strong>alterum</strong></span> <span class='ocrx_word' id='word_1_217' title='bbox 1754 4507 1807 4562; x_wconf 87' lang='lat' dir='ltr'><strong>ex</strong></span> 
     </span>
     <span class='ocr_line' id='line_1_27' title="bbox 151 4602 1881 4729; baseline 0.005 -29"><span class='ocrx_word' id='word_1_218' title='bbox 151 4616 287 4702; x_wconf 78' lang='lat' dir='ltr'><strong>altero</strong></span> <span class='ocrx_word' id='word_1_219' title='bbox 312 4615 548 4703; x_wconf 89' lang='lat' dir='ltr'><strong>derivatum</strong></span> <span class='ocrx_word' id='word_1_220' title='bbox 574 4646 667 4701; x_wconf 88' lang='lat' dir='ltr'><strong>esse</strong></span> <span class='ocrx_word' id='word_1_221' title='bbox 693 4630 848 4729; x_wconf 84' lang='lat' dir='ltr'><strong>pateat</strong></span> <span class='ocrx_word' id='word_1_222' title='bbox 907 4616 1020 4720; x_wconf 80' lang='lat' dir='ltr'><strong>Quid</strong></span> <span class='ocrx_word' id='word_1_223' title='bbox 1045 4629 1209 4720; x_wconf 84' lang='lat' dir='ltr'><strong>autem,</strong></span> <span class='ocrx_word' id='word_1_224' title='bbox 1243 4619 1280 4702; x_wconf 91' lang='lat' dir='ltr'><strong>si</strong></span> <span class='ocrx_word' id='word_1_225' title='bbox 1306 4620 1572 4703; x_wconf 82' lang='lat' dir='ltr'><strong>historiolam</strong></span> <span class='ocrx_word' id='word_1_226' title='bbox 1599 4624 1728 4706; x_wconf 87' lang='lat' dir='ltr'><strong>etiam</strong></span> <span class='ocrx_word' id='word_1_227' title='bbox 1754 4625 1807 4708; x_wconf 89' lang='lat' dir='ltr'><strong>de</strong></span> <span class='ocrx_word' id='word_1_228' title='bbox 1878 4602 1881 4607; x_wconf 31' lang='lat'><strong>⁴</strong></span> 
     </span>
     <span class='ocr_line' id='line_1_28' title="bbox 152 4763 1808 4879; baseline 0.006 -32"><span class='ocrx_word' id='word_1_229' title='bbox 152 4763 289 4848; x_wconf 87' lang='lat' dir='ltr'><strong>milite</strong></span> <span class='ocrx_word' id='word_1_230' title='bbox 311 4766 412 4870; x_wconf 85' lang='lat' dir='ltr'><strong>isto,</strong></span> <span class='ocrx_word' id='word_1_231' title='bbox 446 4767 521 4877; x_wconf 89' lang='lat' dir='ltr'><strong>qui</strong></span> <span class='ocrx_word' id='word_1_232' title='bbox 546 4763 663 4848; x_wconf 89' lang='lat' dir='ltr'><strong>bello</strong></span> <span class='ocrx_word' id='word_1_233' title='bbox 687 4763 923 4852; x_wconf 80' lang='lat' dir='ltr'><strong>Octaviano</strong></span> <span class='ocrx_word' id='word_1_234' title='bbox 946 4766 1119 4849; x_wconf 86' lang='lat' dir='ltr'><strong>fratrem</strong></span> <span class='ocrx_word' id='word_1_235' title='bbox 1146 4792 1172 4848; x_wconf 87' lang='lat' dir='ltr'><strong>a</strong></span> <span class='ocrx_word' id='word_1_236' title='bbox 1196 4792 1242 4848; x_wconf 90' lang='lat' dir='ltr'><strong>se</strong></span> <span class='ocrx_word' id='word_1_237' title='bbox 1273 4769 1463 4850; x_wconf 83' lang='lat' dir='ltr'><strong>occisum</strong></span> <span class='ocrx_word' id='word_1_238' title='bbox 1487 4767 1694 4879; x_wconf 88' lang='lat' dir='ltr'><strong>adgnovit</strong></span> <span class='ocrx_word' id='word_1_239' title='bbox 1706 4777 1733 4873; x_wconf 73' lang='lat'><strong>⁵,</strong></span> <span class='ocrx_word' id='word_1_240' title='bbox 1763 4783 1808 4856; x_wconf 87' lang='lat' dir='ltr'><strong>et</strong></span> 
     </span>
    </p>
   </div>
   <div class='ocr_carea' id='block_1_4' title="bbox 151 4983 1805 5160">
    <p class='ocr_par' dir='ltr' id='par_1_5' title="bbox 151 4983 1805 5160">
     <span class='ocr_line' id='line_1_29' title="bbox 250 4983 1805 5068; baseline -0.005 -22"><span class='ocrx_word' id='word_1_241' title='bbox 250 4983 280 5059; x_wconf 89' lang='grc'><strong>1)</strong></span> <span class='ocrx_word' id='word_1_242' title='bbox 298 4990 393 5065; x_wconf 61' lang='lat' dir='ltr'><strong>paga</strong></span> <span class='ocrx_word' id='word_1_243' title='bbox 410 4988 541 5056; x_wconf 63' lang='lat' dir='ltr'><strong>raram,</strong></span> <span class='ocrx_word' id='word_1_244' title='bbox 561 4985 611 5044; x_wconf 76' lang='lat' dir='ltr'><strong>on.</strong></span> <span class='ocrx_word' id='word_1_245' title='bbox 631 4989 744 5066; x_wconf 60' lang='grc' dir='ltr'><strong>ριμθ</strong></span> <span class='ocrx_word' id='word_1_246' title='bbox 758 4986 833 5046; x_wconf 81' lang='lat' dir='ltr'><strong>med</strong></span> <span class='ocrx_word' id='word_1_247' title='bbox 909 4991 940 5065; x_wconf 73' lang='lat'><strong>2)</strong></span> <span class='ocrx_word' id='word_1_248' title='bbox 960 4989 1075 5066; x_wconf 63' lang='lat' dir='ltr'><strong>paam</strong></span> <span class='ocrx_word' id='word_1_249' title='bbox 1094 5006 1166 5044; x_wconf 80' lang='lat' dir='ltr'><strong>vera.</strong></span> <span class='ocrx_word' id='word_1_250' title='bbox 1178 4988 1215 5047; x_wconf 85' lang='lat'><strong>18</strong></span> <span class='ocrx_word' id='word_1_251' title='bbox 1225 5005 1289 5065; x_wconf 81' lang='lat' dir='ltr'><strong>sqq.</strong></span> <span class='ocrx_word' id='word_1_252' title='bbox 1372 4987 1403 5062; x_wconf 87' lang='grc'><strong>3)</strong></span> <span class='ocrx_word' id='word_1_253' title='bbox 1423 4984 1474 5044; x_wconf 79' lang='lat' dir='ltr'><strong>afr.</strong></span> <span class='ocrx_word' id='word_1_254' title='bbox 1495 4985 1594 5066; x_wconf 73' lang='lat' dir='ltr'><strong>fragm.</strong></span> <span class='ocrx_word' id='word_1_255' title='bbox 1606 4990 1660 5064; x_wconf 73' lang='grc' dir='ltr'><strong>ΠΙ,</strong></span> <span class='ocrx_word' id='word_1_256' title='bbox 1680 5008 1744 5068; x_wconf 54' lang='lat' dir='ltr'><strong>pag,</strong></span> <span class='ocrx_word' id='word_1_257' title='bbox 1753 4993 1805 5059; x_wconf 68' lang='lat'><strong>313</strong></span> 
     </span>
     <span class='ocr_line' id='line_1_30' title="bbox 151 5072 1668 5160; baseline 0.003 -22"><span class='ocrx_word' id='word_1_258' title='bbox 151 5072 203 5152; x_wconf 78' lang='lat' dir='ltr'><strong>IV,</strong></span> <span class='ocrx_word' id='word_1_259' title='bbox 221 5095 288 5155; x_wconf 69' lang='lat' dir='ltr'><strong>pag.</strong></span> <span class='ocrx_word' id='word_1_260' title='bbox 302 5079 341 5138; x_wconf 70' lang='lat'><strong>32</strong></span> <span class='ocrx_word' id='word_1_261' title='bbox 355 5099 412 5158; x_wconf 78' lang='lat' dir='ltr'><strong>rq.;</strong></span> <span class='ocrx_word' id='word_1_262' title='bbox 432 5078 486 5138; x_wconf 84' lang='lat' dir='ltr'><strong>Vll</strong></span> <span class='ocrx_word' id='word_1_263' title='bbox 505 5096 569 5157; x_wconf 59' lang='grc' dir='ltr'><strong>με.</strong></span> <span class='ocrx_word' id='word_1_264' title='bbox 584 5080 688 5141; x_wconf 74' lang='lat' dir='ltr'><strong>esea.</strong></span> <span class='ocrx_word' id='word_1_265' title='bbox 765 5079 796 5156; x_wconf 76' lang='lat'><strong>4)</strong></span> <span class='ocrx_word' id='word_1_266' title='bbox 815 5079 866 5139; x_wconf 81' lang='lat' dir='ltr'><strong>efr.</strong></span> <span class='ocrx_word' id='word_1_267' title='bbox 886 5080 985 5160; x_wconf 76' lang='lat' dir='ltr'><strong>fragm</strong></span> <span class='ocrx_word' id='word_1_268' title='bbox 999 5081 1028 5139; x_wconf 93' lang='lat'><strong>11</strong></span> <span class='ocrx_word' id='word_1_269' title='bbox 1048 5099 1112 5159; x_wconf 69' lang='lat' dir='ltr'><strong>pag.</strong></span> <span class='ocrx_word' id='word_1_270' title='bbox 1126 5082 1173 5153; x_wconf 84' lang='lat'><strong>31,</strong></span> <span class='ocrx_word' id='word_1_271' title='bbox 1194 5089 1224 5138; x_wconf 84' lang='lat' dir='ltr'><strong>et</strong></span> <span class='ocrx_word' id='word_1_272' title='bbox 1242 5082 1340 5139; x_wconf 71' lang='lat' dir='ltr'><strong>noth.</strong></span> <span class='ocrx_word' id='word_1_273' title='bbox 1416 5079 1447 5153; x_wconf 78' lang='lat'><strong>5)</strong></span> <span class='ocrx_word' id='word_1_274' title='bbox 1468 5099 1531 5158; x_wconf 71' lang='lat' dir='ltr'><strong>pag.</strong></span> <span class='ocrx_word' id='word_1_275' title='bbox 1546 5083 1585 5142; x_wconf 77' lang='lat'><strong>37</strong></span> <span class='ocrx_word' id='word_1_276' title='bbox 1599 5092 1668 5143; x_wconf 80' lang='lat' dir='ltr'><strong>extr.</strong></span> 
     </span>
    </p>
   </div>
   <div class='ocr_carea' id='block_1_5' title="bbox 1436 5195 1492 5265">
    <p class='ocr_par' dir='ltr' id='par_1_6' title="bbox 1436 5195 1492 5265">
     <span class='ocr_line' id='line_1_31' title="bbox 1436 5195 1492 5265; baseline 0 0"><span class='ocrx_word' id='word_1_277' title='bbox 1436 5195 1492 5265; x_wconf 76' lang='lat'><strong>02</strong></span> 
     </span>
    </p>
   </div>
   <div class='ocr_carea' id='block_1_6' title="bbox 0 0 2327 6404">
    <p class='ocr_par' dir='ltr' id='par_1_7' title="bbox 0 0 2327 6404">
     <span class='ocr_line' id='line_1_32' title="bbox 0 0 2327 6404; baseline 0 0"><span class='ocrx_word' id='word_1_278' title='bbox 0 0 2327 6404; x_wconf 95' lang='lat' dir='ltr'><strong> </strong></span> 
     </span>
    </p>
   </div>
  </div>
 </body>
</html>
