<?xml version="1.0" encoding="UTF-8"?>
<!DOCTYPE html PUBLIC "-//W3C//DTD XHTML 1.0 Transitional//EN"
    "http://www.w3.org/TR/xhtml1/DTD/xhtml1-transitional.dtd">
<html xmlns="http://www.w3.org/1999/xhtml" xml:lang="en" lang="en">
 <head>
  <title>
</title>
<meta http-equiv="Content-Type" content="text/html;charset=utf-8" />
  <meta name='ocr-system' content='tesseract 3.04.00' />
  <meta name='ocr-capabilities' content='ocr_page ocr_carea ocr_par ocr_line ocrx_word'/>
</head>
<body>
  <div class='ocr_page' id='page_1' title='image "annaliumquaesup00pertgoog_0036.png"; bbox 0 0 4644 6414; ppageno 0'>
   <div class='ocr_carea' id='block_1_1' title="bbox 918 710 1872 800">
    <p class='ocr_par' dir='ltr' id='par_1_1' title="bbox 918 710 1872 800">
     <span class='ocr_line' id='line_1_1' title="bbox 918 710 1872 800; baseline -0.004 -1"><span class='ocrx_word' id='word_1_1' title='bbox 918 741 1169 800; x_wconf 68' lang='lat' dir='ltr'>anserino.</span> <span class='ocrx_word' id='word_1_2' title='bbox 1718 710 1872 795; x_wconf 83' lang='lat' dir='ltr'>XXIII</span> 
     </span>
    </p>
   </div>
   <div class='ocr_carea' id='block_1_2' title="bbox 207 949 1947 3559">
    <p class='ocr_par' dir='ltr' id='par_1_2' title="bbox 207 949 1947 3559">
     <span class='ocr_line' id='line_1_2' title="bbox 212 949 1947 1061; baseline -0.001 -20"><span class='ocrx_word' id='word_1_3' title='bbox 212 955 400 1041; x_wconf 83' lang='lat' dir='ltr'>Summis</span> <span class='ocrx_word' id='word_1_4' title='bbox 433 958 547 1042; x_wconf 91' lang='lat' dir='ltr'>Viris</span> <span class='ocrx_word' id='word_1_5' title='bbox 574 957 711 1039; x_wconf 91' lang='lat' dir='ltr'>Musei</span> <span class='ocrx_word' id='word_1_6' title='bbox 743 953 978 1037; x_wconf 79' lang='lat' dir='ltr'>Britannici</span> <span class='ocrx_word' id='word_1_7' title='bbox 1010 949 1285 1056; x_wconf 79' lang='lat' dir='ltr'>Oumrosmus,</span> <span class='ocrx_word' id='word_1_8' title='bbox 1332 955 1405 1061; x_wconf 93' lang='lat' dir='ltr'>qui</span> <span class='ocrx_word' id='word_1_9' title='bbox 1437 953 1648 1037; x_wconf 89' lang='lat' dir='ltr'>Liciniani</span> <span class='ocrx_word' id='word_1_10' title='bbox 1680 955 1870 1039; x_wconf 82' lang='lat' dir='ltr'>codicem</span> <span class='ocrx_word' id='word_1_11' title='bbox 1944 1001 1947 1007; x_wconf 94' lang='lat'>·</span> 
     </span>
     <span class='ocr_line' id='line_1_3' title="bbox 210 1099 1869 1209; baseline -0.001 -21"><span class='ocrx_word' id='word_1_12' title='bbox 210 1116 391 1188; x_wconf 83' lang='lat' dir='ltr'>tractare</span> <span class='ocrx_word' id='word_1_13' title='bbox 425 1105 732 1187; x_wconf 81' lang='lat' dir='ltr'>humanissime</span> <span class='ocrx_word' id='word_1_14' title='bbox 769 1100 895 1184; x_wconf 91' lang='lat' dir='ltr'>nobis</span> <span class='ocrx_word' id='word_1_15' title='bbox 927 1099 1227 1209; x_wconf 81' lang='lat' dir='ltr'>permisenmt:</span> <span class='ocrx_word' id='word_1_16' title='bbox 1273 1110 1372 1181; x_wconf 89' lang='lat' dir='ltr'>ante</span> <span class='ocrx_word' id='word_1_17' title='bbox 1409 1126 1557 1181; x_wconf 91' lang='lat' dir='ltr'>omnes</span> <span class='ocrx_word' id='word_1_18' title='bbox 1590 1110 1730 1184; x_wconf 91' lang='lat' dir='ltr'>autem</span> <span class='ocrx_word' id='word_1_19' title='bbox 1766 1104 1869 1187; x_wconf 90' lang='lat' dir='ltr'>Viro</span> 
     </span>
     <span class='ocr_line' id='line_1_4' title="bbox 210 1243 1869 1348; baseline -0.002 -12"><span class='ocrx_word' id='word_1_20' title='bbox 210 1251 578 1336; x_wconf 88' lang='lat' dir='ltr'>Reverendissimo</span> <span class='ocrx_word' id='word_1_21' title='bbox 604 1248 776 1331; x_wconf 77' lang='lat' dir='ltr'>Hnruuco</span> <span class='ocrx_word' id='word_1_22' title='bbox 803 1246 977 1348; x_wconf 75' lang='lat' dir='ltr'>Mmuau,</span> <span class='ocrx_word' id='word_1_23' title='bbox 1010 1244 1229 1327; x_wconf 83' lang='lat' dir='ltr'>Ecclesiae</span> <span class='ocrx_word' id='word_1_24' title='bbox 1254 1244 1294 1328; x_wconf 89' lang='lat' dir='ltr'>S.</span> <span class='ocrx_word' id='word_1_25' title='bbox 1322 1245 1444 1327; x_wconf 93' lang='lat' dir='ltr'>Pauli</span> <span class='ocrx_word' id='word_1_26' title='bbox 1471 1243 1755 1331; x_wconf 92' lang='lat' dir='ltr'>Londinensis</span> <span class='ocrx_word' id='word_1_27' title='bbox 1782 1252 1869 1333; x_wconf 92' lang='lat' dir='ltr'>De-</span> 
     </span>
     <span class='ocr_line' id='line_1_5' title="bbox 210 1392 1869 1507; baseline -0.002 -24"><span class='ocrx_word' id='word_1_28' title='bbox 210 1429 339 1502; x_wconf 87' lang='lat' dir='ltr'>can0,</span> <span class='ocrx_word' id='word_1_29' title='bbox 380 1401 500 1481; x_wconf 89' lang='lat' dir='ltr'>cuius</span> <span class='ocrx_word' id='word_1_30' title='bbox 533 1407 704 1507; x_wconf 86' lang='lat' dir='ltr'>paratae</span> <span class='ocrx_word' id='word_1_31' title='bbox 740 1393 1034 1503; x_wconf 89' lang='lat' dir='ltr'>benignaeque</span> <span class='ocrx_word' id='word_1_32' title='bbox 1067 1394 1361 1475; x_wconf 73' lang='lat' dir='ltr'>intercessioni</span> <span class='ocrx_word' id='word_1_33' title='bbox 1398 1402 1604 1503; x_wconf 89' lang='lat' dir='ltr'>quantum</span> <span class='ocrx_word' id='word_1_34' title='bbox 1639 1392 1869 1480; x_wconf 86' lang='lat' dir='ltr'>debeamus</span> 
     </span>
     <span class='ocr_line' id='line_1_6' title="bbox 207 1537 1868 1654; baseline 0 -26"><span class='ocrx_word' id='word_1_35' title='bbox 207 1548 279 1628; x_wconf 87' lang='lat' dir='ltr'>vix</span> <span class='ocrx_word' id='word_1_36' title='bbox 315 1545 398 1628; x_wconf 92' lang='lat' dir='ltr'>dici</span> <span class='ocrx_word' id='word_1_37' title='bbox 441 1554 593 1654; x_wconf 86' lang='lat' dir='ltr'>potest</span> <span class='ocrx_word' id='word_1_38' title='bbox 669 1539 761 1623; x_wconf 89' lang='lat' dir='ltr'>Nec</span> <span class='ocrx_word' id='word_1_39' title='bbox 802 1540 987 1622; x_wconf 88' lang='lat' dir='ltr'>minores</span> <span class='ocrx_word' id='word_1_40' title='bbox 1027 1540 1187 1648; x_wconf 84' lang='lat' dir='ltr'>gratias</span> <span class='ocrx_word' id='word_1_41' title='bbox 1225 1537 1430 1621; x_wconf 92' lang='lat' dir='ltr'>debemus</span> <span class='ocrx_word' id='word_1_42' title='bbox 1464 1541 1566 1625; x_wconf 88' lang='lat' dir='ltr'>Viro</span> <span class='ocrx_word' id='word_1_43' title='bbox 1607 1541 1868 1628; x_wconf 88' lang='lat' dir='ltr'>Doctissimo</span> 
     </span>
     <span class='ocr_line' id='line_1_7' title="bbox 209 1681 1869 1798; baseline -0.002 -22"><span class='ocrx_word' id='word_1_44' title='bbox 209 1693 412 1776; x_wconf 79' lang='lat' dir='ltr'>annmoo</span> <span class='ocrx_word' id='word_1_45' title='bbox 439 1690 605 1772; x_wconf 73' lang='lat' dir='ltr'>Manum</span> <span class='ocrx_word' id='word_1_46' title='bbox 632 1688 784 1796; x_wconf 89' lang='lat' dir='ltr'>equiti,</span> <span class='ocrx_word' id='word_1_47' title='bbox 810 1685 948 1769; x_wconf 90' lang='lat' dir='ltr'>Musei</span> <span class='ocrx_word' id='word_1_48' title='bbox 975 1684 1208 1767; x_wconf 83' lang='lat' dir='ltr'>Britannici</span> <span class='ocrx_word' id='word_1_49' title='bbox 1235 1714 1261 1766; x_wconf 91' lang='lat' dir='ltr'>a</span> <span class='ocrx_word' id='word_1_50' title='bbox 1287 1681 1567 1789; x_wconf 85' lang='lat' dir='ltr'>Custodibus,</span> <span class='ocrx_word' id='word_1_51' title='bbox 1595 1690 1668 1797; x_wconf 92' lang='lat' dir='ltr'>qui</span> <span class='ocrx_word' id='word_1_52' title='bbox 1695 1702 1869 1798; x_wconf 89' lang='lat' dir='ltr'>quaest</span> 
     </span>
     <span class='ocr_line' id='line_1_8' title="bbox 209 1831 1869 1941; baseline -0.003 -19"><span class='ocrx_word' id='word_1_53' title='bbox 209 1839 340 1922; x_wconf 87' lang='lat' dir='ltr'>animi</span> <span class='ocrx_word' id='word_1_54' title='bbox 376 1835 631 1918; x_wconf 88' lang='lat' dir='ltr'>liberalitate</span> <span class='ocrx_word' id='word_1_55' title='bbox 670 1833 723 1914; x_wconf 90' lang='lat' dir='ltr'>ad</span> <span class='ocrx_word' id='word_1_56' title='bbox 758 1831 916 1914; x_wconf 89' lang='lat' dir='ltr'>librum</span> <span class='ocrx_word' id='word_1_57' title='bbox 950 1861 1078 1914; x_wconf 92' lang='lat' dir='ltr'>manu</span> <span class='ocrx_word' id='word_1_58' title='bbox 1113 1834 1320 1941; x_wconf 86' lang='lat' dir='ltr'>seriptum</span> <span class='ocrx_word' id='word_1_59' title='bbox 1353 1833 1515 1915; x_wconf 87' lang='lat' dir='ltr'>aditum</span> <span class='ocrx_word' id='word_1_60' title='bbox 1554 1832 1680 1916; x_wconf 92' lang='lat' dir='ltr'>nobis</span> <span class='ocrx_word' id='word_1_61' title='bbox 1714 1836 1869 1918; x_wconf 88' lang='lat' dir='ltr'>facilli·</span> 
     </span>
     <span class='ocr_line' id='line_1_9' title="bbox 209 1975 1870 2094; baseline -0.003 -24"><span class='ocrx_word' id='word_1_62' title='bbox 209 2016 327 2070; x_wconf 94' lang='lat' dir='ltr'>mum</span> <span class='ocrx_word' id='word_1_63' title='bbox 366 1981 581 2094; x_wconf 87' lang='lat' dir='ltr'>praebuit;</span> <span class='ocrx_word' id='word_1_64' title='bbox 628 2008 707 2061; x_wconf 89' lang='lat' dir='ltr'>nec</span> <span class='ocrx_word' id='word_1_65' title='bbox 743 2009 830 2061; x_wconf 90' lang='lat' dir='ltr'>non</span> <span class='ocrx_word' id='word_1_66' title='bbox 865 1980 968 2063; x_wconf 85' lang='lat' dir='ltr'>Viro</span> <span class='ocrx_word' id='word_1_67' title='bbox 1002 1975 1252 2063; x_wconf 80' lang='lat' dir='ltr'>Clarissimo</span> <span class='ocrx_word' id='word_1_68' title='bbox 1288 1978 1472 2061; x_wconf 75' lang='lat' dir='ltr'>Enniano</span> <span class='ocrx_word' id='word_1_69' title='bbox 1506 1979 1633 2082; x_wconf 77' lang='lat' dir='ltr'>Bono,</span> <span class='ocrx_word' id='word_1_70' title='bbox 1674 1981 1870 2066; x_wconf 90' lang='lat' dir='ltr'>codicum</span> 
     </span>
     <span class='ocr_line' id='line_1_10' title="bbox 211 2123 1870 2240; baseline -0.002 -24"><span class='ocrx_word' id='word_1_71' title='bbox 211 2163 338 2216; x_wconf 90' lang='lat' dir='ltr'>manu</span> <span class='ocrx_word' id='word_1_72' title='bbox 363 2133 616 2240; x_wconf 89' lang='lat' dir='ltr'>scriptorum</span> <span class='ocrx_word' id='word_1_73' title='bbox 638 2128 682 2207; x_wconf 92' lang='lat' dir='ltr'>in</span> <span class='ocrx_word' id='word_1_74' title='bbox 705 2126 854 2208; x_wconf 91' lang='lat' dir='ltr'>eodem</span> <span class='ocrx_word' id='word_1_75' title='bbox 875 2124 1024 2208; x_wconf 92' lang='lat' dir='ltr'>Museo</span> <span class='ocrx_word' id='word_1_76' title='bbox 1044 2125 1363 2207; x_wconf 88' lang='lat' dir='ltr'>adservatorum</span> <span class='ocrx_word' id='word_1_77' title='bbox 1384 2123 1654 2229; x_wconf 86' lang='lat' dir='ltr'>Subeustodi,</span> <span class='ocrx_word' id='word_1_78' title='bbox 1673 2127 1870 2239; x_wconf 89' lang='lat' dir='ltr'>reliquis-</span> 
     </span>
     <span class='ocr_line' id='line_1_11' title="bbox 211 2269 1870 2392; baseline -0.001 -30"><span class='ocrx_word' id='word_1_79' title='bbox 211 2309 292 2392; x_wconf 88' lang='lat' dir='ltr'>que</span> <span class='ocrx_word' id='word_1_80' title='bbox 325 2280 426 2360; x_wconf 87' lang='lat' dir='ltr'>viris</span> <span class='ocrx_word' id='word_1_81' title='bbox 465 2273 665 2359; x_wconf 87' lang='lat' dir='ltr'>omnibus</span> <span class='ocrx_word' id='word_1_82' title='bbox 700 2273 772 2382; x_wconf 92' lang='lat' dir='ltr'>qui</span> <span class='ocrx_word' id='word_1_83' title='bbox 810 2269 999 2356; x_wconf 89' lang='lat' dir='ltr'>laborem</span> <span class='ocrx_word' id='word_1_84' title='bbox 1042 2284 1234 2355; x_wconf 90' lang='lat' dir='ltr'>nostrum</span> <span class='ocrx_word' id='word_1_85' title='bbox 1279 2272 1466 2382; x_wconf 91' lang='lat' dir='ltr'>benigno</span> <span class='ocrx_word' id='word_1_86' title='bbox 1513 2277 1655 2359; x_wconf 91' lang='lat' dir='ltr'>animo</span> <span class='ocrx_word' id='word_1_87' title='bbox 1684 2276 1870 2361; x_wconf 91' lang='lat' dir='ltr'>Londini</span> 
     </span>
     <span class='ocr_line' id='line_1_12' title="bbox 210 2415 1869 2537; baseline -0.001 -28"><span class='ocrx_word' id='word_1_88' title='bbox 210 2425 456 2537; x_wconf 90' lang='lat' dir='ltr'>prosequuti</span> <span class='ocrx_word' id='word_1_89' title='bbox 490 2431 601 2503; x_wconf 89' lang='lat' dir='ltr'>sunt.</span> <span class='ocrx_word' id='word_1_90' title='bbox 662 2417 713 2500; x_wconf 89' lang='lat' dir='ltr'>In</span> <span class='ocrx_word' id='word_1_91' title='bbox 748 2417 978 2502; x_wconf 79' lang='lat' dir='ltr'>Germania</span> <span class='ocrx_word' id='word_1_92' title='bbox 1008 2430 1152 2503; x_wconf 88' lang='lat' dir='ltr'>autem</span> <span class='ocrx_word' id='word_1_93' title='bbox 1188 2430 1396 2530; x_wconf 87' lang='lat' dir='ltr'>quantum</span> <span class='ocrx_word' id='word_1_94' title='bbox 1430 2415 1615 2505; x_wconf 83' lang='lat' dir='ltr'>Granius</span> <span class='ocrx_word' id='word_1_95' title='bbox 1647 2424 1869 2507; x_wconf 88' lang='lat' dir='ltr'>restitutus</span> 
     </span>
     <span class='ocr_line' id='line_1_13' title="bbox 209 2566 1870 2676; baseline -0.004 -20"><span class='ocrx_word' id='word_1_96' title='bbox 209 2574 362 2656; x_wconf 90' lang='lat' dir='ltr'>debeat</span> <span class='ocrx_word' id='word_1_97' title='bbox 375 2572 477 2653; x_wconf 89' lang='lat' dir='ltr'>Viro</span> <span class='ocrx_word' id='word_1_98' title='bbox 498 2579 541 2650; x_wconf 89' lang='lat' dir='ltr'>et</span> <span class='ocrx_word' id='word_1_99' title='bbox 560 2566 757 2649; x_wconf 89' lang='lat' dir='ltr'>doctrina</span> <span class='ocrx_word' id='word_1_100' title='bbox 775 2576 820 2647; x_wconf 92' lang='lat' dir='ltr'>et</span> <span class='ocrx_word' id='word_1_101' title='bbox 840 2568 1073 2676; x_wconf 85' lang='lat' dir='ltr'>sagacitate</span> <span class='ocrx_word' id='word_1_102' title='bbox 1095 2567 1432 2649; x_wconf 88' lang='lat' dir='ltr'>eminentissimo</span> <span class='ocrx_word' id='word_1_103' title='bbox 1449 2567 1658 2651; x_wconf 78' lang='lat' dir='ltr'>Turonoso</span> <span class='ocrx_word' id='word_1_104' title='bbox 1678 2568 1870 2650; x_wconf 80' lang='lat' dir='ltr'>Mouusru</span> 
     </span>
     <span class='ocr_line' id='line_1_14' title="bbox 210 2712 1869 2825; baseline -0.005 -19"><span class='ocrx_word' id='word_1_105' title='bbox 210 2723 422 2806; x_wconf 89' lang='lat' dir='ltr'>neminem</span> <span class='ocrx_word' id='word_1_106' title='bbox 449 2725 497 2797; x_wconf 90' lang='lat' dir='ltr'>ut</span> <span class='ocrx_word' id='word_1_107' title='bbox 521 2724 627 2824; x_wconf 91' lang='lat' dir='ltr'>puto</span> <span class='ocrx_word' id='word_1_108' title='bbox 650 2712 834 2824; x_wconf 76' lang='lat' dir='ltr'>effugiet,</span> <span class='ocrx_word' id='word_1_109' title='bbox 862 2715 1036 2825; x_wconf 90' lang='lat' dir='ltr'>eiusque</span> <span class='ocrx_word' id='word_1_110' title='bbox 1064 2713 1384 2797; x_wconf 90' lang='lat' dir='ltr'>emendationes</span> <span class='ocrx_word' id='word_1_111' title='bbox 1404 2718 1590 2798; x_wconf 86' lang='lat' dir='ltr'>maxima</span> <span class='ocrx_word' id='word_1_112' title='bbox 1616 2744 1668 2797; x_wconf 84' lang='lat' dir='ltr'>ex</span> <span class='ocrx_word' id='word_1_113' title='bbox 1685 2727 1804 2824; x_wconf 88' lang='lat' dir='ltr'>parte</span> <span class='ocrx_word' id='word_1_114' title='bbox 1824 2717 1869 2797; x_wconf 93' lang='lat' dir='ltr'>in</span> 
     </span>
     <span class='ocr_line' id='line_1_15' title="bbox 209 2858 1868 2974; baseline -0.005 -23"><span class='ocrx_word' id='word_1_115' title='bbox 209 2879 372 2951; x_wconf 86' lang='lat' dir='ltr'>textum</span> <span class='ocrx_word' id='word_1_116' title='bbox 410 2859 675 2970; x_wconf 86' lang='lat' dir='ltr'>recipiendas</span> <span class='ocrx_word' id='word_1_117' title='bbox 716 2858 858 2942; x_wconf 86' lang='lat' dir='ltr'>littera</span> <span class='ocrx_word' id='word_1_118' title='bbox 888 2863 943 2943; x_wconf 91' lang='lat' dir='ltr'><em>M</em></span> <span class='ocrx_word' id='word_1_119' title='bbox 967 2861 1012 2945; x_wconf 82' lang='lat' dir='ltr'>In</span> <span class='ocrx_word' id='word_1_120' title='bbox 1052 2863 1167 2945; x_wconf 90' lang='lat' dir='ltr'>notis</span> <span class='ocrx_word' id='word_1_121' title='bbox 1209 2861 1367 2944; x_wconf 84' lang='lat' dir='ltr'>criticis</span> <span class='ocrx_word' id='word_1_122' title='bbox 1407 2864 1605 2974; x_wconf 82' lang='lat' dir='ltr'>religiose</span> <span class='ocrx_word' id='word_1_123' title='bbox 1635 2861 1868 2971; x_wconf 82' lang='lat' dir='ltr'>designavi</span> 
     </span>
     <span class='ocr_line' id='line_1_16' title="bbox 212 3006 1868 3112; baseline -0.002 -18"><span class='ocrx_word' id='word_1_124' title='bbox 212 3009 330 3112; x_wconf 81' lang='lat' dir='ltr'>Quae</span> <span class='ocrx_word' id='word_1_125' title='bbox 364 3022 506 3093; x_wconf 84' lang='lat' dir='ltr'>autem</span> <span class='ocrx_word' id='word_1_126' title='bbox 541 3008 684 3090; x_wconf 89' lang='lat' dir='ltr'>littera</span> <span class='ocrx_word' id='word_1_127' title='bbox 711 3013 748 3089; x_wconf 87' lang='lat' dir='ltr'><em>B</em></span> <span class='ocrx_word' id='word_1_128' title='bbox 779 3006 939 3090; x_wconf 92' lang='lat' dir='ltr'>ibidem</span> <span class='ocrx_word' id='word_1_129' title='bbox 971 3018 1143 3092; x_wconf 88' lang='lat' dir='ltr'>notatae</span> <span class='ocrx_word' id='word_1_130' title='bbox 1175 3020 1295 3111; x_wconf 90' lang='lat' dir='ltr'>sunt,</span> <span class='ocrx_word' id='word_1_131' title='bbox 1326 3038 1451 3094; x_wconf 84' lang='lat' dir='ltr'>essa</span> <span class='ocrx_word' id='word_1_132' title='bbox 1476 3011 1579 3094; x_wconf 86' lang='lat' dir='ltr'>Viro</span> <span class='ocrx_word' id='word_1_133' title='bbox 1606 3010 1868 3093; x_wconf 89' lang='lat' dir='ltr'>Doctissimo</span> 
     </span>
     <span class='ocr_line' id='line_1_17' title="bbox 210 3153 1868 3241; baseline -0.001 -1"><span class='ocrx_word' id='word_1_134' title='bbox 210 3157 360 3241; x_wconf 75' lang='lat' dir='ltr'>Jrcono</span> <span class='ocrx_word' id='word_1_135' title='bbox 388 3155 562 3240; x_wconf 71' lang='lat' dir='ltr'>Bruuius</span> <span class='ocrx_word' id='word_1_136' title='bbox 589 3155 897 3237; x_wconf 87' lang='lat' dir='ltr'>humanissime</span> <span class='ocrx_word' id='word_1_137' title='bbox 930 3153 1057 3238; x_wconf 88' lang='lat' dir='ltr'>nobis</span> <span class='ocrx_word' id='word_1_138' title='bbox 1091 3156 1365 3240; x_wconf 87' lang='lat' dir='ltr'>transmissas</span> <span class='ocrx_word' id='word_1_139' title='bbox 1391 3184 1485 3240; x_wconf 91' lang='lat' dir='ltr'>esse</span> <span class='ocrx_word' id='word_1_140' title='bbox 1512 3156 1693 3240; x_wconf 88' lang='lat' dir='ltr'>lectores</span> <span class='ocrx_word' id='word_1_141' title='bbox 1721 3159 1868 3239; x_wconf 80' lang='lat' dir='ltr'>sciant</span> 
     </span>
     <span class='ocr_line' id='line_1_18' title="bbox 212 3300 1869 3406; baseline 0 -20"><span class='ocrx_word' id='word_1_142' title='bbox 212 3300 402 3403; x_wconf 81' lang='lat' dir='ltr'>Quorum</span> <span class='ocrx_word' id='word_1_143' title='bbox 432 3305 619 3386; x_wconf 88' lang='lat' dir='ltr'>virorum</span> <span class='ocrx_word' id='word_1_144' title='bbox 652 3300 898 3386; x_wconf 88' lang='lat' dir='ltr'>muneribus</span> <span class='ocrx_word' id='word_1_145' title='bbox 933 3302 1130 3385; x_wconf 88' lang='lat' dir='ltr'>instructi</span> <span class='ocrx_word' id='word_1_146' title='bbox 1162 3301 1297 3386; x_wconf 86' lang='lat' dir='ltr'>Grani</span> <span class='ocrx_word' id='word_1_147' title='bbox 1331 3302 1544 3386; x_wconf 88' lang='lat' dir='ltr'>Liciniani</span> <span class='ocrx_word' id='word_1_148' title='bbox 1577 3303 1787 3406; x_wconf 84' lang='lat' dir='ltr'>Annales,</span> <span class='ocrx_word' id='word_1_149' title='bbox 1821 3313 1869 3386; x_wconf 90' lang='lat' dir='ltr'>ut</span> 
     </span>
     <span class='ocr_line' id='line_1_19' title="bbox 210 3448 1869 3559; baseline -0.002 -25"><span class='ocrx_word' id='word_1_150' title='bbox 210 3480 347 3534; x_wconf 88' lang='lat' dir='ltr'>rerum</span> <span class='ocrx_word' id='word_1_151' title='bbox 374 3449 661 3534; x_wconf 88' lang='lat' dir='ltr'>Romanarum</span> <span class='ocrx_word' id='word_1_152' title='bbox 697 3449 901 3533; x_wconf 88' lang='lat' dir='ltr'>studiosis</span> <span class='ocrx_word' id='word_1_153' title='bbox 935 3459 979 3531; x_wconf 91' lang='lat' dir='ltr'>et</span> <span class='ocrx_word' id='word_1_154' title='bbox 1011 3448 1197 3531; x_wconf 85' lang='lat' dir='ltr'>fructum</span> <span class='ocrx_word' id='word_1_155' title='bbox 1224 3450 1437 3559; x_wconf 91' lang='lat' dir='ltr'>quendam</span> <span class='ocrx_word' id='word_1_156' title='bbox 1468 3460 1512 3533; x_wconf 90' lang='lat' dir='ltr'>et</span> <span class='ocrx_word' id='word_1_157' title='bbox 1537 3449 1869 3533; x_wconf 88' lang='lat' dir='ltr'>oblectationem</span> 
     </span>
    </p>
   </div>
   <div class='ocr_carea' id='block_1_3' title="bbox 211 3597 1399 3826">
    <p class='ocr_par' dir='ltr' id='par_1_3' title="bbox 211 3597 1399 3826">
     <span class='ocr_line' id='line_1_20' title="bbox 211 3597 808 3680; baseline -0.005 0"><span class='ocrx_word' id='word_1_158' title='bbox 211 3597 403 3680; x_wconf 89' lang='lat' dir='ltr'>adferant</span> <span class='ocrx_word' id='word_1_159' title='bbox 428 3625 480 3679; x_wconf 87' lang='lat' dir='ltr'>ex</span> <span class='ocrx_word' id='word_1_160' title='bbox 503 3606 603 3679; x_wconf 86' lang='lat' dir='ltr'>voto</span> <span class='ocrx_word' id='word_1_161' title='bbox 630 3598 808 3679; x_wconf 89' lang='lat' dir='ltr'>eveniat.</span> 
     </span>
     <span class='ocr_line' id='line_1_21' title="bbox 365 3739 1399 3826; baseline -0.006 -1"><span class='ocrx_word' id='word_1_162' title='bbox 365 3741 611 3826; x_wconf 82' lang='lat' dir='ltr'>Scribebam</span> <span class='ocrx_word' id='word_1_163' title='bbox 637 3739 824 3824; x_wconf 90' lang='lat' dir='ltr'>Berolini</span> <span class='ocrx_word' id='word_1_164' title='bbox 850 3740 947 3824; x_wconf 81' lang='lat' dir='ltr'>Kal</span> <span class='ocrx_word' id='word_1_165' title='bbox 973 3739 1082 3823; x_wconf 82' lang='lat' dir='ltr'>Julii</span> <span class='ocrx_word' id='word_1_166' title='bbox 1108 3744 1399 3823; x_wconf 80' lang='lat' dir='ltr'>MDOOOLVII.</span> 
     </span>
    </p>
   </div>
   <div class='ocr_carea' id='block_1_4' title="bbox 1257 4124 1731 4254">
    <p class='ocr_par' dir='ltr' id='par_1_4' title="bbox 1257 4124 1731 4254">
     <span class='ocr_line' id='line_1_22' title="bbox 1257 4124 1731 4254; baseline -0.002 -3"><span class='ocrx_word' id='word_1_167' title='bbox 1257 4124 1517 4254; x_wconf 74' lang='lat' dir='ltr'>Klsouus</span> <span class='ocrx_word' id='word_1_168' title='bbox 1544 4147 1731 4251; x_wconf 76' lang='lat' dir='ltr'>Panna.</span> 
     </span>
    </p>
   </div>
   <div class='ocr_carea' id='block_1_5' title="bbox 0 0 2326 6404">
    <p class='ocr_par' dir='ltr' id='par_1_5' title="bbox 0 0 2326 6404">
     <span class='ocr_line' id='line_1_23' title="bbox 0 0 2326 6404; baseline 0 0"><span class='ocrx_word' id='word_1_169' title='bbox 0 0 2326 6404; x_wconf 95' lang='lat' dir='ltr'> </span> 
     </span>
    </p>
   </div>
  </div>
 </body>
</html>
