4644 6414
868 735 1118 797 palasano.
1694 708 1824 796 XVII

160 942 294 1029 verba
322 944 490 1028 Rutilia
523 974 598 1029 cor.
626 945 775 1056 'calleyo
805 946 948 1028 Manili
984 946 1088 1030 anni
1112 948 1195 1030 649
1230 949 1354 1056 quasi
1385 947 1560 1031 titulum
1591 949 1822 1034 efficiant.²

160 1089 327 1177 Deinde
351 1119 451 1176 vero
472 1120 557 1202 quo
582 1091 763 1176 consilio
785 1093 831 1174 in
850 1090 1086 1177 Annalium
1113 1091 1235 1177 libris
1256 1121 1361 1177 usus
1388 1094 1446 1177 sit
1465 1093 1551 1177 alio
1575 1094 1671 1179 loco
1693 1096 1822 1182 claris

159 1236 302 1321 verbis
335 1236 522 1345 Granius
555 1239 771 1349 exposuit,
805 1238 882 1323 illo
917 1238 1083 1324 scilicet
1108 1266 1193 1350 quo
1226 1240 1272 1322 in
1305 1236 1557 1325 Sallustium
1589 1243 1820 1351 invehitm;

160 1383 264 1469 dicit
284 1387 398 1470 enim
424 1385 497 1470 fol
511 1391 612 1469 IVr.
637 1413 745 1469 vers.
761 1387 814 1470 1-8
829 1413 922 1496 sqq.
948 1384 1063 1498 (pag.
1078 1384 1170 1496 23):
1195 1386 1356 1470 Sallusti
1382 1415 1477 1496 opus
1502 1387 1610 1471 uobis
1636 1391 1821 1486 ocant,-

159 1535 230 1616 sed
251 1561 335 1630 aar,
359 1545 403 1615 ut
425 1533 669 1629 instituimus,
695 1560 823 1615 moras
848 1545 885 1615 et
908 1560 985 1615 aaa
1006 1535 1181 1642 arpentis
1206 1532 1422 1616 maanus.
1473 1537 1575 1616 Nam
1596 1536 1820 1620 Sdlwtiam

159 1709 235 1764 nou
252 1693 295 1763 ut
309 1680 482 1763 lubrici
500 1693 602 1777 aaut,
626 1680 697 1762 aad
718 1673 761 1761 at
784 1691 972 1763 malorem
988 1679 1203 1789 laffordum:
1228 1707 1317 1760 nam
1336 1692 1373 1762 et
1393 1693 1560 1788 tenpore
1582 1681 1822 1790 reprehendit

159 1856 244 1925 raa,
270 1841 307 1911 et
325 1828 462 1912 delicta
487 1828 622 1938 carpit,
648 1839 685 1909 et
709 1825 869 1908 amaa
893 1825 1046 1934 inperii,
1075 1838 1112 1908 et
1132 1827 1198 1908 dut
1216 1826 1257 1907 ia
1277 1853 1428 1908 ceamm
1447 1828 1543 1923 locu,
1568 1841 1723 1925 mutes,
1746 1831 1820 1936 tlte,

158 1974 261 2056 nina
291 1987 329 2057 et
361 1973 433 2058 boc
464 2004 586 2085 peasa
620 1973 845 2068 amovenda,
886 1983 924 2055 et
955 1971 1083 2080 adpat
1113 1985 1151 2054 et
1181 1985 1364 2080 evaporat
1395 1973 1623 2058 daroma.
1685 1979 1819 2059 Veram

159 2122 283 2204 indiae
295 2119 352 2232 (l)
373 2150 527 2232 panau
565 2118 808 2222 Quibusex
829 2118 937 2204 locis
964 2116 1163 2203 omnibus
1184 2116 1392 2203 Granium
1412 2118 1614 2204 historiae
1630 2123 1817 2206 conscri-

156 2266 321 2353 bendae
347 2268 480 2352 talem
508 2267 591 2352 sibi
623 2267 855 2376 imaginem
887 2267 1030 2351 animo
1064 2264 1281 2349 effinxisse
1308 2267 1519 2377 sequitur,
1549 2279 1598 2351 ut
1631 2268 1817 2378 simplici

155 2442 295 2499 rerum
318 2425 536 2525 gestarum
558 2413 793 2498 secundum
813 2411 1004 2497 ordinem
1027 2422 1269 2522 temporum
1291 2413 1592 2498 enarrationis
1611 2416 1816 2526 scriptore

156 2562 217 2647 de·
235 2590 312 2646 suo
333 2561 441 2644 nihil
466 2561 554 2645 fere
575 2560 817 2646 addendum
843 2589 938 2646 esse
964 2568 1179 2662 statueret,
1205 2560 1267 2643 ita
1286 2569 1336 2643 ut
1357 2557 1428 2643 vel
1449 2588 1522 2644 eos
1545 2562 1619 2671 qui
1640 2560 1726 2645 alia
1746 2563 1817 2646 via

155 2706 438 2793 incedendum
465 2708 548 2791 sibi
571 2717 782 2820 putarent,
808 2718 996 2792 oratores
1021 2707 1166 2817 potius
1192 2734 1321 2815 quam
1343 2707 1571 2792 historicos
1597 2736 1692 2793 esse
1713 2737 1817 2793 con·

155 2855 358 2941 tenderet.
396 2853 479 2939 His
511 2855 642 2965 igitur
676 2856 818 2939 causis
850 2855 1033 2966 permoti
1066 2862 1283 2937 auctorem
1315 2864 1510 2939 nostrum
1546 2883 1655 2966 opus
1689 2885 1815 2940 suum

155 3002 323 3086 eada
352 3002 622 3112 inscripsisse
648 3001 878 3105 credimus,
911 3029 1092 3112 eumque
1120 3000 1296 3085 titulum
1320 3000 1571 3112 fragmentis
1604 3004 1696 3087 eius
1723 3004 1814 3087 sine

155 3148 248 3233 ulla
270 3147 537 3233 dubitatione
560 3150 895 3259 praeposuimus.

308 3292 427 3396 Quae
468 3295 641 3406 quidem
676 3294 910 3379 Annalium
947 3293 1083 3381 Grani
1113 3295 1326 3379 Liciniani
1361 3294 1565 3405 reliquiae
1604 3306 1815 3406 quotquot

154 3443 377 3555 hucusque
413 3443 671 3552 investigare
710 3441 837 3526 nobis
870 3442 1061 3528 Fortuna
1101 3443 1333 3546 concessit,
1373 3440 1607 3553 particulae
1650 3442 1815 3528 scilicet

154 3588 361 3674 librorum
386 3591 528 3689 XXVI,
552 3593 736 3689 XXVIII,
761 3594 944 3691 XXXIII,
969 3593 1129 3690 XXXV,
1154 3593 1335 3691 XXXVI,
1360 3590 1581 3674 historiam
1606 3618 1814 3674 annorum

155 3764 192 3820 a.
205 3735 257 3820 U.
273 3765 309 3820 c.
323 3738 408 3821 509
416 3732 628 3846 (?)-676
645 3731 869 3846 (aOhr.n.
885 3735 1480 3847 245-78)00mpleot1mtur.
1513 3735 1663 3850 Itaque
1684 3765 1816 3858 quae-

154 3884 347 3969 rentibus
373 3880 500 3967 nobis
525 3910 552 3965 a
577 3909 763 3991 quonam
776 3881 907 3967 Urbis
932 3893 1123 3995 tempore
1150 3882 1365 3968 scribendi
1389 3883 1610 3969 exordium
1628 3881 1815 3969 Granius

155 4030 340 4134 durent,
373 4059 427 4114 ex
457 4057 544 4113 uno
571 4028 726 4112 saltem
751 4031 848 4115 loeo
883 4032 1029 4114 statim
1055 4029 1111 4114 ab
1137 4029 1253 4115 Urbe
1280 4031 1455 4116 condita
1477 4032 1691 4141 incepisse
1715 4059 1814 4114 eum

154 4175 476 4262 concedendum
496 4184 574 4260 eat.
612 4174 673 4259 Ut
697 4178 812 4260 enim
838 4177 983 4262 locum
1008 4176 1134 4263 illum
1150 4189 1316 4262 taceam
1338 4206 1465 4288 quem
1485 4176 1599 4288 apud
1620 4174 1814 4262 Servium

153 4323 207 4408 ad
233 4324 385 4435 Virgil.
413 4321 589 4407 Aeneid
606 4320 647 4426 l,
669 4325 776 4408 737¹
804 4324 1007 4435 legimus,
1047 4334 1091 4441 et
1126 4353 1254 4436 quem
1285 4322 1446 4411 Granio
1480 4323 1704 4407 Liciniano
1737 4325 1813 4409 tri·

153 4469 372 4555 buendum
397 4499 492 4555 esse
518 4498 648 4580 supra
672 4469 870 4575 diximus,
897 4472 1056 4583 quippe
1082 4474 1195 4583 quod
1222 4501 1275 4558 ex
1293 4469 1536 4557 Annalibus
1561 4472 1653 4556 eius
1677 4500 1734 4556 an
1759 4499 1812 4557 ex

153 4617 239 4702 alio
271 4621 417 4729 potius
448 4644 574 4730 opere
603 4615 861 4728 desumptus.
892 4620 949 4703 sit
980 4647 1058 4729 pro
1092 4631 1208 4705 certo
1239 4647 1328 4704 non
1353 4617 1673 4722 affirmaverim,
1705 4619 1811 4704 haec

251 4886 281 4962 l)
307 4884 382 4945 Nam
402 4880 479 4961 apud
499 4880 619 4941 maiore·
639 4887 751 4938 nocuos
771 4878 891 4940 feminae
911 4901 967 4942 non
987 4881 1140 4941 utebantur
1159 4882 1235 4959 vino,
1255 4882 1309 4942 nisi
1329 4900 1472 4941 sanorum
1493 4899 1577 4940 causa
1597 4881 1681 4943 certis
1701 4881 1810 4942 diebua

154 4980 296 5056 ‘limique
312 4978 420 5053 (mina
439 4995 514 5055 quaa
533 4974 599 5034 aab
618 4972 761 5034 Romulo
781 4979 878 5035 aim
897 4975 967 5036 bibit
982 4979 1078 5036 οοοίω
1092 4983 1136 5035 m
1155 4996 1175 5035 u
1191 4980 1311 5050 marito,
1332 4974 1675 5048 namurcensium,
1693 4976 1724 5036 id
1739 4979 1811 5035 onim

154 5092 257 5134 mm
274 5069 399 5133 mortu!
438 5067 485 5127 Sic
504 5067 628 5129 Granius
647 5067 811 5128 Licinianus
831 5088 936 5129 cocum
954 5088 1023 5129 suae
1041 5069 1151 5149 quinto.

1442 5218 1463 5270 θ
