4644 6414
371 690 427 783 ³8
939 709 1049 771 casui
1071 707 1240 768 uenum
1260 708 1330 768 ns.
1347 706 1457 768 xxxv.

247 934 492 1026 sucaolvit,
518 929 637 1005 multa
663 939 833 1027 precatus
861 937 897 1000 et
927 926 1135 1025 inprecatus
1165 920 1291 1023 gladio
1316 945 1356 994 se
1377 920 1529 1014 traiecit,
1561 919 1837 1018 maximumque
1855 916 2024 992 omnibus

248 1037 360 1156 ‘rii.⁷i'.
373 1065 631 1171 praeludium⁰
659 1061 757 1136 Belli
771 1059 899 1136 Civilis
926 1087 1032 1136 casus
1058 1059 1139 1134 hic·
1166 1058 1288 1133 attulit
1312 1069 1527 1156 mentesque
1552 1055 1718 1149 mutavit
1745 1080 1813 1131 nac
1829 1055 2025 1155 quisquam

378 1204 544 1280 omnium
569 1228 593 1274 a
618 1198 780 1274 lacrimis
804 1197 924 1297 potuit
947 1209 1162 1297 temperare.

528 1336 667 1412 Nolani
688 1333 872 1435 progressi
890 1333 1066 1433 oppidum
1084 1329 1235 1408 Abella¹
1249 1304 1501 1405 incenderunt.
1534 1329 1675 1404 Marius
1695 1327 1910 1404 Servilium²
1929 1327 2028 1427 apud
2101 1407 2103 1411 ,

377 1474 589 1551 Ariminum
614 1472 735 1570 fugat,
766 1493 903 1569 paucos
930 1468 1078 1562 occidit,
1108 1467 1269 1568 reliquos
1293 1489 1388 1565 ,quos
1414 1478 1625 1566 corruperat
1650 1464 1784 1563 accipit
1809 1463 1848 1537 in
1876 1463 2028 1539 deditio-

380 1638 476 1687 nem.
514 1619 735 1705 senatusque
760 1630 826 1705 per
852 1604 995 1679 Metelli
1020 1604 1161 1704 legatos
1187 1601 1376 1678 consultus
1403 1601 1448 1676 de
1473 1602 1662 1677 voluntate
1689 1600 1940 1695 Samnitium³,
1966 1603 2030 1700 qui

381 1774 420 1822 se
447 1742 653 1844 negabantl
679 1740 786 1816 aliter
811 1741 851 1814 in
876 1765 1006 1841 pacem
1024 1751 1209 1834 venturos,
1234 1738 1308 1813 nisi
1328 1737 1456 1812 civitas
1483 1738 1573 1838 ipsis
1594 1751 1630 1812 et
1651 1737 1837 1839 perfugis⁶
1860 1738 2029 1813 omnibus

381 1885 538 1973 daretur,
565 1879 662 1954 bona
688 1876 926 1952 redderentur
936 1877 963 1969 l,
989 1875 1129 1969 abnuit,
1156 1874 1373 1975 dignitatem
1394 1887 1480 1948 ante
1500 1901 1579 1948 rem
1599 1875 1787 1975 publicam
1808 1874 2029 1975 ponentibus

381 2017 576 2120 patribus&
616 2013 750 2115 quibus
777 2013 932 2113 cognitis
960 2012 1079 2088 Cinna
1103 2037 1169 2112 per
1193 2010 1366 2086 Flavium
1390 2009 1592 2086 Fimbriam
1623 2013 1724 2111 leges
1750 2037 1842 2110 quas
1868 2013 2030 2110 postula-

258 2189 330 2239 ¹001.
341 2188 364 2236 a.
381 2157 473 2232 bant
505 2150 697 2228 coneediti
720 2162 756 2224 et
782 2149 896 2249 copiis
929 2148 1004 2225 suis
1037 2148 1194 2223 iunxitr.
1233 2145 1320 2222 nec*
1347 2145 1537 2222 desinebat
1562 2147 1759 2248 Pompeius
1785 2149 2031 2223 intermiscere

311 2352 314 2358 .
382 2291 516 2369 omnia.
552 2301 694 2363 etcum
715 2287 755 2361 in
778 2284 930 2360 senatul
952 2283 1092 2359 videret
1118 2284 1324 2360 adversarii
1347 2310 1473 2360 omnes
1493 2283 1618 2359 Sullae
1639 2285 1764 2360 metui
1785 2284 1925 2360 Cinnae
1947 2311 2032 2360 eau-

384 2453 482 2519 sam,
517 2423 631 2497 suasit
656 2435 779 2497 tamen
812 2433 852 2495 ut
877 2421 991 2520 legati
1022 2447 1045 2494 a
1071 2418 1190 2496 Cinna
1216 2423 1319 2498 missi
1344 2434 1423 2496 tuto
1449 2421 1696 2521 reciperentur
1722 2423 1777 2497 etl
1803 2447 1887 2497 cum
1914 2421 2034 2496 Cinna

384 2559 539 2639 consilia
570 2557 733 2634 sociabat
767 2569 803 2632 et
830 2554 984 2632 Octavio
1011 2556 1199 2657 tegebatis
1236 2558 1416 2635 dediticiis
1452 2556 1621 2631 omnibus
1648 2558 1804 2644 civitas}⁸
1831 2558 1931 2655 data;
1969 2558 2032 2657 qui

384 2697 539 2798 polliciti
564 2694 682 2769 multa
706 2693 810 2768 milia
835 2693 995 2768 militum
1020 2694 1085 2769 vix
1109 2694 1207 2771 XV.
1223 2712 1254 2768 .⁰
1281 2696 1447 2771 cohortes
1473 2694 1661 2768 misenmt.

535 2831 584 2906 Et
608 2831 817 2933 pestilentia
843 2843 1007 2905 vastatus
1034 2832 1244 2928 exercitus⁴‚
1270 2833 1323 2907 ita
1348 2845 1389 2906 ut
1415 2857 1461 2906 ex
1477 2830 1690 2907 Octavianis
1716 2833 1882 2932 partibus
1909 2832 2035 2907 decem

303 3047 305 3051 ,
386 2985 422 3045 et
448 2981 589 3069 septem
614 2967 718 3042 milia
742 2966 935 3041 hominum
963 2966 1178 3067 deperirent.
1222 2967 1419 3067 Pompeius
1446 2967 1567 3042 minus
1594 2969 1740 3045 validus
1767 2996 1851 3045 curn
1876 2970 2035 3045 inlecto

388 3103 632 3196 decumberet,
657 3114 737 3176 orta
762 3114 977 3203 tempestate
1004 3113 1039 3176 et
1064 3103 1142 3203 ipse
1167 3102 1323 3179 fulmine
1349 3104 1506 3180 adflatus
1533 3107 1608 3180 est⁵
1635 3120 1671 3181 et
1696 3108 1842 3182 culmen
1867 3109 2036 3184 taberna-

493 3346 523 3409 ιι)
546 3342 710 3411 praeludium
728 3351 818 3410 puter.
871 3345 900 3411 b)
917 3345 1051 3413 negabunt
1069 3347 1125 3400 cod.
1179 3347 1205 3411 r)
1223 3349 1262 3398 sic
1279 3345 1446 3398 scatentem
1464 3361 1520 3396 com
1537 3347 1576 3396 Μ.
1630 3347 1659 3412 d)
1678 3346 1703 3398 b.
1721 3365 1741 3398 r.
1761 3349 1811 3409 Μ.,
1852 3349 1880 3413 e)
1896 3348 1936 3401 sic
1953 3349 2036 3400 locum

388 3441 536 3494 emendavit
548 3439 586 3489 Μ.
657 3437 688 3504 f)
706 3438 745 3488 sic
764 3439 839 3503 10903
858 3439 928 3490 idem
945 3442 1055 3492 coalent
1066 3441 1098 3491 Μ
1104 3459 1112 3504 3
1131 3442 1159 3492 in
1177 3442 1248 3509 leges
1267 3457 1332 3508 quas
1350 3440 1519 3507 postulabant
1537 3456 1581 3492 sos
1599 3444 1696 3509 recepit
1707 3444 1740 3493 B.
1810 3444 1841 3510 9)
1858 3444 1961 3494 iuncxit
1979 3443 2035 3494 cod.

388 3535 418 3601 i)
435 3538 475 3587 sic
493 3536 567 3601 ir903
586 3548 645 3583 cum
664 3537 783 3583 senatum
800 3532 840 3583 Μ.
896 3534 924 3598 ι’)
944 3537 1058 3586 aversari
1076 3536 1117 3586 Μ.
1179 3535 1207 3601 i)
1225 3537 1265 3588 ita
1285 3537 1403 3586 coniicit.
1467 3535 1494 3601 1)
1514 3536 1581 3586 elam
1600 3536 1645 3597 Μ,
1664 3537 1711 3588 aed
1729 3538 1847 3604 fortiam
1865 3538 1891 3591 i.
1904 3540 1921 3590 1.
1941 3540 2036 3592 littera

387 3631 463 3683 sulio
481 3629 577 3680 ecidit.
634 3627 672 3692 m)
691 3626 796 3694 tegebat
816 3627 853 3678 Μ.
909 3627 940 3692 a)
958 3630 998 3681 sic
1016 3630 1072 3682 cori.
1090 3630 1150 3682 vide
1167 3630 1244 3696 infru
1261 3630 1385 3682 addendo
1403 3636 1428 3681 et
1448 3632 1621 3696 corriperem
1640 3632 1710 3682 idem
1728 3634 1838 3685 coniecit
1856 3636 1896 3686 Μ.
1953 3637 1982 3699 o)
2001 3653 2037 3687 aa

388 3725 450 3777 XVI
469 3731 516 3775 out
534 3721 628 3773 XVII?
653 3721 731 3776 2-3
751 3722 835 3773 litter.
852 3723 968 3788 mutiam
986 3723 1131 3792 abreptum.

390 3969 476 4012 nam
493 3942 739 4009 inhiatoriarum
749 3942 840 4009 libris
856 3941 1029 4029 deperditis
1041 3968 1189 4013 narrasse
1238 3970 1348 4034 roqam
1370 3945 1541 4034 traaffodit
1567 3961 1595 4014 et
1616 3946 1721 4015 eodem
1747 3951 1820 4039 abac
1842 3968 2038 4042 consumptua

389 4055 525 4143 legimus
543 4051 628 4141 apud
640 4053 798 4137 Tacitum,
821 4053 905 4119 Hist.
918 4052 981 4137 111,
993 4053 1051 4119 51:
1075 4081 1189 4122 ..aum
1239 4069 1293 4122 eat.
1335 4054 1485 4143 Denique
1506 4055 1580 4122 vide
1603 4055 1637 4125 S.
1655 4059 1881 4148 Augustinum,
1904 4062 1944 4128 de
1967 4063 2040 4129 civi-

384 4164 523 4253 proels'o,
550 4186 611 4251 quo
631 4162 722 4249 apud
738 4162 921 4231 laeticiam
944 4163 1095 4232 adrasus
1117 4167 1189 4234 oin·
1237 4173 1305 4230 tate
1325 4165 1390 4230 Dei
1410 4163 1456 4248 H,
1472 4166 1524 4233 25.

389 4299 463 4340 amn
472 4287 651 4362 papatiam
662 4287 715 4357 eat,
728 4273 940 4359 Pompeianus
953 4273 1190 4360 mileofratrem
1306 4271 1340 4359 1)
1364 4272 1527 4363 Oppidum
1552 4274 1758 4366 Campaniae.

390 4408 496 4467 mum,
518 4382 592 4448 dein
613 4383 733 4471 cogniti
745 4382 897 4469 facinore
917 4405 951 4447 se
971 4383 1076 4469 ipsam
1097 4386 1190 4452 siner·
1304 4383 1338 4471 2)
1362 4408 1403 4451 an
1421 4386 1459 4452 P.
1483 4383 1698 4456 Servilium
1719 4390 1893 4474 Vatiam,
1915 4389 1970 4477 qui
1985 4412 2040 4477 po-

379 4492 474 4579 fecit,
495 4506 529 4557 at
550 4492 686 4560 stata
705 4505 864 4559 memorat.
901 4487 968 4558 cfr.
990 4492 1085 4559 etiam
1107 4493 1191 4560 Livii
1240 4504 1310 4562 stea
1331 4494 1493 4561 Isauricus
1514 4497 1694 4584 appellatus
1717 4500 1790 4566 est?

391 4600 466 4691 epit.
488 4600 544 4667 lib.
556 4601 722 4668 LXXIX:
750 4604 786 4669 ia
807 4626 868 4691 quo
889 4601 967 4669 bello
982 4600 1189 4691 duofratrcr‚
1304 4603 1340 4690 3)
1362 4604 1418 4671 afr.
1439 4604 1581 4694 Appian.
1604 4606 1624 4673 l.
1641 4633 1670 4676 c.
1692 4608 1721 4693 I,
1737 4609 1788 4676 68.

391 4711 471 4779 alsa
499 4735 539 4778 so
560 4712 694 4803 Pompei
711 4714 864 4795 macic,
889 4711 971 4778 ulte
997 4736 1037 4779 ea
1059 4712 1188 4797 Cinnae,
1300 4716 1334 4794 4)
1358 4715 1414 4781 cir.
1436 4714 1597 4783 Velleium
1617 4718 1731 4802 lib.11,
1753 4741 1823 4807 cap.
1836 4720 1933 4804 21,e

389 4822 570 4909 euocata
591 4834 831 4905 concurrerem
857 4833 886 4887 et
910 4844 981 4888 curn
1001 4824 1100 4889 metor
1120 4846 1188 4911 spo-
1302 4823 1337 4911 5)
1360 4823 1418 4891 cir.
1441 4823 1581 4914 Appias.
1608 4828 1680 4896 lc.
1701 4828 1734 4912 1,
1752 4829 1793 4897 68
1808 4839 1841 4897 st
1855 4829 1913 4916 803
1951 4829 2037 4899 Plut.

391 4929 485 4996 lieret
505 4929 655 5014 ucetiam,
684 4932 790 5018 opsita
801 4931 913 5018 fratre
934 4932 1058 5020 inperiti
1074 4931 1190 4999 imnec-
1239 4931 1352 5021 Pomp.
1376 4955 1447 5022 cap.
1461 4936 1495 5020 ¹3
1518 4934 1677 5005 Velleium
1698 4936 1720 5002 l.
1736 4961 1763 5005 c

391 5040 505 5107 toton
522 5035 616 5121 edito,
636 5061 712 5127 repo
733 5042 766 5109 ei
777 5051 932 5109 maneto
952 5041 1020 5129 ’Ψεο
1040 5065 1075 5111 ss
1091 5066 1191 5130 cupro
