4644 6414
326 701 413 787 XX
1026 729 1274 790 anserino.

326 947 454 1054 qu'am
478 974 532 1028 ex
557 940 806 1027 Cornelio
833 939 1053 1026 Sisenna
1078 943 1255 1026 Tacitus
1282 940 1521 1053 desumpsit
1535 943 1561 1044 ¹,
1594 941 1649 1025 ab
1675 942 1751 1025 illo
1777 942 1984 1052 repetisse

326 1088 534 1175 Granium
567 1087 778 1173 dicimus?
842 1088 890 1172 L.
926 1085 1071 1172 Corn.
1102 1086 1283 1173 Sullae
1321 1088 1906 1173 deinde-commentariis
1939 1089 1986 1171 in

324 1235 437 1352 Belli
464 1236 741 1321 Mithridatici
764 1236 1037 1344 potissimum
1063 1237 1326 1320 enarratione
1358 1264 1485 1320 usum
1510 1235 1661 1339 fuisse,
1696 1235 1741 1320 id
1767 1234 1883 1345 quod
1908 1263 1984 1345 per

326 1411 372 1466 se
392 1384 534 1492 ipsum
556 1382 777 1493 probabile
798 1391 875 1483 est,
898 1381 1118 1465 Plutarchi
1133 1378 1254 1466 Sulla
1274 1383 1478 1490 ostendit,
1504 1412 1603 1467 curn
1624 1384 1706 1466 hoc
1726 1383 1839 1465 enirn
1862 1380 1984 1486 libro,

326 1558 378 1612 ex
405 1531 512 1639 ipsis
533 1528 678 1615 Sullae
704 1529 1020 1612 commentariis
1047 1530 1329 1639 conscriptol,
1355 1529 1547 1613 Annales
1573 1530 1710 1614 nostri
1733 1557 1821 1613 non
1849 1526 1984 1612 semel

326 1679 507 1760 maxime
541 1678 825 1760 consentiunt.
884 1675 998 1759 Tum
1023 1702 1123 1759 vero
1149 1673 1466 1760 Sallustium
1500 1673 1744 1786 Crispum
1778 1674 1862 1759 sibi
1885 1685 1986 1758 ante

327 1825 474 1908 oculos
500 1823 634 1906 fuisse
660 1825 752 1933 ipse
778 1823 883 1906 dicit
891 1822 919 1925 ³,
945 1822 1027 1905 etsi
1046 1849 1099 1905 ex
1118 1820 1303 1906 laudatis
1321 1821 1464 1906 verbis
1480 1820 1690 1907 Granium
1712 1821 1828 1905 haud
1849 1820 1987 1906 multa

327 1999 428 2054 sane
451 1999 504 2054 ex
525 1970 602 2054 illo
624 1970 940 2080 deprompsisse
961 1968 1274 2052 coniiciendum
1295 1979 1371 2053 est
1398 1970 1594 2080 Denique
1617 1969 1762 2052 locum
1776 1967 1830 2052 de
1845 1963 1985 2052 Corti-

326 2118 404 2201 ciis
430 2115 657 2199 fratribus⁴
690 2127 833 2199 utrum
868 2144 921 2198 ex
949 2114 1005 2198 M.
1033 2114 1279 2198 Terentio
1305 2115 1556 2200 Varrone⁵
1584 2116 1812 2218 Granium,
1843 2143 1899 2198 an
1933 2143 1986 2198 ex

326 2275 473 2348 nostro
494 2266 637 2372 potius
663 2264 898 2348 Varronem
917 2261 1207 2370 desumpsisse
1236 2272 1485 2367 statuamus,
1516 2293 1593 2376 pro
1617 2274 1732 2348 certo
1757 2290 1845 2347 non
1871 2261 1986 2346 offir-

327 2413 540 2496 maverim.

478 2556 561 2641 His
593 2558 724 2668 igitur
756 2556 936 2666 aliisque
967 2552 1159 2637 fontibus
1191 2555 1364 2637 innixus
1396 2566 1544 2639 auctor
1568 2566 1714 2647 noster
1746 2583 1814 2639 res
1839 2566 1984 2667 gestas

278 2681 280 2684 ⁵
328 2704 478 2814 populi
504 2703 687 2787 Romani
713 2704 966 2812 composuit,
992 2728 1170 2812 quarum
1196 2701 1502 2786 recentioribus
1528 2713 1572 2786 et
1597 2731 1706 2814 quae
1729 2705 1823 2788 eius
1847 2713 1986 2788 aetate

331 2853 477 2955 gestae
512 2860 613 2933 sunt
646 2851 850 2933 interesse
882 2850 1010 2932 etiam
1036 2849 1128 2958 ipse
1161 2857 1338 2956 poterat.
1388 2848 1539 2959 Neque
1563 2878 1663 2933 vero
1698 2849 1816 2934 rudis
1841 2850 1986 2934 animo

331 3002 405 3075 aut
442 2994 640 3080 indoctus
681 2997 737 3080 ad
773 2996 997 3081 historiam
1036 2992 1387 3078 conscribendam
1425 2999 1623 3100 accessit,
1661 2999 1820 3108 qnippe
1858 3023 1988 3107 quem

331 3167 507 3250 graecae
529 3143 701 3254 linguae
722 3144 906 3254 peritum
926 3141 1058 3224 fuisse
1079 3139 1291 3225 vocabula
1310 3170 1463 3253 graeca
1483 3144 1712 3248 declarant,
1738 3172 1847 3255 quae
1871 3141 1987 3227 haud

333 3289 465 3371 semel
496 3290 542 3373 in
574 3289 825 3402 fragmentis
852 3297 1080 3374 occurrunt
1089 3290 1116 3371 l.
1172 3283 1340 3387 Quibus
1374 3317 1427 3372 ex
1457 3290 1585 3374 rebus
1618 3289 1819 3374 omnibus
1853 3317 1988 3400 quum

332 3447 551 3543 appareat,
583 3434 790 3522 Granium
815 3448 1009 3520 nostrum
1034 3433 1258 3518 historiam
1282 3433 1521 3520 Romanam
1544 3440 1662 3522 omni
1687 3467 1740 3522 ex
1765 3448 1885 3549 parte
1909 3435 1988 3522 ab÷

332 3582 496 3667 solvere
521 3582 629 3667 bene
656 3586 865 3694 potuisse:
899 3585 1041 3667 animo
1068 3581 1254 3691 simplici
1280 3593 1408 3692 atque
1435 3585 1616 3670 candido
1642 3615 1740 3670 eum
1766 3586 1988 3696 negotium

329 3725 437 3810 illud
464 3733 705 3842 suscepisse
729 3731 854 3815 facile
881 3730 1174 3841 perspicimus.
1213 3725 1339 3830 Quod
1366 3732 1480 3814 enim
1503 3761 1636 3842 quum
1662 3744 1827 3817 ceteros
1852 3731 1989 3815 histo·

329 3875 452 3979 ricos,
466 3887 559 3962 turn
578 3891 676 3964 ante
693 3906 842 3963 omnes
855 3876 1089 3960 Annalium
1106 3877 1334 3986 scriptores
1350 3877 1484 3982 decet,
1504 3880 1669 3965 scilicet
1684 3891 1734 3963 ut
1753 3881 1845 3964 sine
1864 3880 1928 3962 ira
1944 3887 1989 3961 et

331 4025 472 4109 studio
498 4029 720 4111 veritatem
744 4027 869 4110 unice
896 4033 1145 4135 sequantur:
1174 4023 1258 4107 hoc
1283 4052 1311 4106 a
1335 4023 1495 4110 Granio
1511 4056 1689 4138 ¹semper
1714 4027 1989 4112 observatum

330 4200 424 4256 esse
457 4175 670 4257 neminem
697 4174 881 4285 effugiet.
932 4171 1045 4255 Nam
1077 4170 1133 4254 ab
1169 4172 1287 4254 omni
1321 4175 1506 4282 partium
1533 4175 1674 4258 studio
1705 4186 1797 4259 tarn
1822 4174 1988 4257 alienus

331 4330 408 4422 est,
435 4330 482 4402 ut
506 4321 577 4403 vel
602 4322 647 4403 in
674 4319 959 4404 cruentissimi
982 4318 1100 4401 illius
1125 4318 1235 4400 inter
1253 4316 1435 4402 Marium
1461 4332 1505 4405 et
1530 4319 1696 4406 Sullam
1721 4319 1860 4406 civilis
1884 4315 1990 4399 belli

331 4468 606 4570 enarratione,
632 4469 717 4551 utri
742 4468 880 4578 magis
900 4465 1042 4548 faveat
1067 4464 1112 4546 in
1139 4463 1322 4548 obscuro
1347 4467 1415 4549 sit.
1454 4462 1567 4567 Quin
1588 4472 1716 4554 etiam
1737 4465 1998 4554 Sallustium-

332 4608 531 4723 Crispum
555 4641 813 4725 magnopere
832 4613 1055 4723 vituperat,
1081 4621 1307 4721 propterea
1329 4613 1445 4723 quod
1472 4620 1534 4699 ‘et
1554 4612 1988 4726 temporareprehen·

331 4758 395 4842 dit
416 4772 555 4845 suaet
576 4760 734 4845 delicta
753 4761 889 4870 carpit
909 4771 952 4844 et
973 4758 1166 4842 convicia
1185 4759 1355 4869 ingerit?
1366 4760 1400 4842 ⁷1
1432 4760 1528 4846 Etsi
1547 4773 1691 4863 autem
1709 4761 1856 4846 multis
1878 4757 1987 4842 locis

428 4921 459 4997 1)
481 4921 572 4980 Tacit
586 4922 694 4982 Hister.
705 4923 758 4998 111,
767 4924 814 4984 51.
879 4922 910 4998 2)
931 4916 1137 4979 caelatores
1155 4917 1276 4979 inSulla
1289 4925 1400 5000 cap.23
1417 4933 1482 4983 ante
1497 4921 1570 4981 med.
1587 4934 1616 4981 et
1631 4926 1749 5004 111137.
1817 4923 1848 5000 ³)
1866 4921 1988 5000 pegae,

332 5015 369 5076 18
381 5034 443 5093 sqq.
519 5015 551 5092 4)
572 5015 622 5074 cfr.
642 5012 887 5096 fragmllhpsg.
898 5015 945 5075 31.
1022 5009 1230 5090 5)videl’lin.
1251 5014 1547 5076 nathaliam
1566 5020 1806 5097 11111177.
1885 5012 1987 5094 6)111·.

330 5111 434 5188 μμ,
451 5126 524 5167 vers.
536 5119 568 5169 18
581 5119 610 5168 et
625 5111 690 5179 19⁶3
709 5129 774 5189 pag.
786 5112 813 5184 6,
826 5109 891 5179 131;
912 5111 1003 5183 19,19
1017 5117 1101 5168 1121.
1179 5107 1210 5185 7)
1231 5127 1294 5187 pag.
1305 5110 1353 5183 23,
1372 5127 1442 5169 vers.
1455 5109 1486 5167 1⁶
1496 5126 1558 5186 sqq.
