4644 6414
875 773 1125 836 pancrasio.
1716 750 1825 833 XIII

169 999 319 1098 gentes
346 1016 437 1099 cap.
454 992 504 1073 31
521 990 556 1071 ¹:
591 988 830 1086 Aristoteles,
861 1003 904 1071 nl
927 987 1155 1074 Granius
1181 1000 1378 1087 nemra,
1411 989 1470 1071 cir
1491 991 1640 1098 inpenio
1657 1023 1822 1104 praepo·

169 1148 250 1218 mm
274 1149 384 1247 alque
408 1136 450 1216 in
476 1135 646 1217 doctrina
667 1136 926 1243 praecipiam,
959 1137 1172 1219 Mnemon
1197 1163 1279 1218 eme
1303 1139 1450 1218 Lunam
1473 1137 1733 1246 probahilibus
1760 1174 1821 1227 ar·

147 1272 352 1391 'parumne
378 1281 539 1389 caplical
562 1293 599 1362 el
621 1281 786 1365 lillerala
811 1280 1032 1364 menatae
1057 1285 1292 1367 aenomaus
1343 1282 1400 1365 Et
1424 1283 1583 1367 ibidem
1611 1315 1702 1397 cap.
1722 1292 1774 1373 38
1789 1295 1821 1374 2:

166 1428 389 1512 Novaniles
413 1429 506 1509 Pico
532 1428 622 1509 aleos
646 1456 728 1509 ecce
754 1429 873 1510 credit
894 1456 1022 1510 mern
1045 1430 1087 1510 in
1103 1429 1256 1512 Sabinis
1280 1432 1383 1538 apml
1398 1431 1571 1514 Trebiam
1594 1436 1820 1521 aomlilulm.

166 1579 253 1658 Hoc
278 1573 509 1659 Granius
528 1576 666 1658 Musae
683 1589 808 1683 palat,
836 1603 1056 1658 concauam
1081 1578 1363 1658 accommodant
1388 1577 1507 1660 Aelio.
1545 1577 1664 1662 Idem
1691 1584 1820 1691 paulo

168 1721 328 1805 i'nfrai:
359 1723 405 1803 Si
430 1721 528 1804 nam
551 1721 706 1804 Pisonis
729 1723 913 1805 contentia
939 1750 1029 1806 vera
1054 1736 1130 1821 cel,
1162 1723 1294 1821 Aelim
1318 1736 1354 1805 el
1379 1721 1608 1807 Granius
1641 1732 1821 1813 mentium

169 1883 253 1967 lar;
275 1871 312 1951 ci
338 1870 439 1979 qnod
462 1868 599 1952 licitur
620 1869 667 1951 al
692 1867 753 1950 lia
776 1883 918 1953 certam
943 1883 1011 1968 ml,
1029 1870 1288 1978 peritissimus
1312 1882 1417 1951 errat
1448 1874 1575 1956 Varro.
1624 1874 1819 1984 Denique

167 2015 276 2098 libro
303 2014 384 2119 VI,
411 2044 502 2125 cap.
522 2019 546 2096 7
556 2016 594 2098 ⁴:
631 2018 744 2113 Quod
770 2018 808 2098 ci
830 2017 993 2125 planam
1018 2017 1109 2125 fieri
1135 2016 1353 2099 mclnmniio
1381 2019 1583 2124 poclnlaa'a
1615 2033 1819 2119 anulorum,

166 2164 445 2259 Sammonicus,
473 2160 675 2266 Granius,
706 2162 926 2246 Valerianus
951 2163 1055 2248 colia
1079 2178 1117 2246 el
1138 2164 1282 2247 Falim
1307 2164 1540 2262 indicabam,
1567 2169 1674 2250 onim
1699 2170 1820 2254 Anlm

163 2312 284 2419 fileril
301 2309 411 2418 filino
436 2321 514 2393 etc.
566 2309 648 2392 His
674 2309 1016 2393 adnumerandus
1042 2321 1110 2393 cst
1134 2311 1289 2394 Festus
1316 2338 1347 2393 s.
1370 2340 1408 2392 v.
1435 2312 1518 2394 rica
1542 2312 1662 2425 (pag.
1681 2317 1819 2399 277A

166 2460 321 2541 varali
348 2456 412 2539 ed.
444 2455 493 2540 Ο.
519 2454 709 2566 Mollem:
745 2454 1006 2569 Gran[ius]
1038 2459 1185 2569 quidem
1218 2458 1272 2540 ail
1303 2462 1396 2539 ‘esse
1426 2459 1605 2542 muliebre
1630 2463 1819 2571 cinpnlnm

166 2605 314 2713 capitis,
341 2632 412 2714 qno
431 2605 623 2713 provilla
648 2603 862 2685 Flaminica
889 2604 1137 2687 redimiatnr'.

316 2747 400 2850 Qui
427 2750 597 2861 quidem
624 2748 710 2832 loci
733 2777 899 2853 omnes,
923 2752 970 2833 ni
995 2749 1132 2853 fallor,
1159 2747 1419 2830 adeundam
1449 2749 1695 2857 scriptorem
1723 2781 1818 2861 per·

165 2900 303 2980 tinent
347 2906 420 2978 aut
452 2898 777 3007 grammaticum
819 2905 894 2979 aut
932 2896 1041 2980 forte
1075 2896 1347 2978 historiarum
1383 2895 1649 3004 scriptorem,
1691 2928 1817 3008 quem

166 3041 419 3127 Granium
464 3042 711 3128 Flaccum
751 3041 994 3126 Macrobius
1033 3041 1233 3153 appellat.
1306 3039 1462 3125 Scribit
1505 3045 1619 3126 enim
1653 3043 1763 3127 libro
1797 3045 1818 3127 I

167 3189 333 3276 Saturn.
358 3219 449 3300 cap.
476 3194 547 3275 18:
581 3193 669 3275 ilem
694 3192 863 3287 Boeotii,
888 3195 1125 3274 Parnassum
1149 3203 1308 3274 nmnlem
1332 3189 1502 3297 Apollini
1523 3205 1713 3275 sacratum
1737 3223 1817 3276 ease

164 3353 428 3434 mmmranles,
459 3340 577 3422 mnml
609 3354 731 3423 lamen
762 3326 804 3422 in
835 3340 961 3421 eodem
993 3351 1032 3422 el
1061 3339 1254 3421 oraculum
1287 3335 1518 3444 Delplimm
1552 3352 1588 3420 el
1618 3342 1818 3448 speluncas

166 3486 374 3568 Bacchiaas
406 3487 474 3568 ani
507 3489 576 3569 leo
602 3500 838 3570 colnecralaa
863 3486 1010 3582 colunt,
1046 3488 1143 3568 ande
1174 3497 1210 3567 el
1233 3485 1402 3592 Apollini
1427 3497 1463 3567 el
1488 3484 1623 3567 Libero
1644 3491 1752 3595 patri
1777 3490 1817 3570 in

165 3636 290 3716 eodem
321 3648 443 3717 monle
482 3664 544 3717 rec
577 3635 703 3717 licina
738 3633 954 3716 celebratur.
1022 3635 1135 3731 Quod
1165 3661 1248 3714 cnm
1290 3643 1325 3713 el
1360 3635 1476 3714 Varro
1517 3645 1554 3714 el
1586 3629 1815 3719 Granius

165 3781 388 3863 Flaccus
421 3783 629 3890 affirment,
665 3781 776 3864 eliam
806 3780 1013 3888 Iliampilm
1042 3779 1103 3862 lic
1136 3784 1243 3863 docet
1271 3788 1349 3862 etc.
1414 3780 1479 3864 De
1511 3778 1640 3865 huius
1673 3794 1814 3866 autem

163 3939 300 4011 aetate
321 3927 431 4010 alius
458 3925 580 4010 locus
603 3955 684 4010 nos
705 3928 903 4010 certiores
924 3926 1062 4010 reddit
1083 3926 1198 4037 apud
1213 3921 1495 4009 Censorinum
1517 3926 1570 4009 de
1589 3928 1657 4010 die
1682 3931 1815 4014 natali

163 4107 253 4187 cap.
270 4080 294 4159 3
310 4079 343 4157 ⁵:
369 4077 539 4157 Eandem
563 4102 645 4156 ease
666 4074 820 4183 yoniam
845 4086 881 4155 el
899 4072 1017 4156 larmn
1039 4074 1148 4157 melli
1170 4086 1312 4155 celeres
1330 4076 1530 4156 menariae
1548 4076 1813 4181 prodiderant,

161 4227 212 4306 in
246 4224 363 4333 quis
395 4222 549 4303 etiam
580 4219 811 4305 Granius
836 4218 1060 4304 Flaccus
1090 4221 1142 4302 in
1173 4218 1313 4303 libro
1347 4248 1495 4330 quem
1532 4220 1592 4304 ad
1626 4219 1814 4308 Caesa-

160 4398 262 4453 rem
296 4369 355 4452 de
388 4367 816 4477 indigitamentis
850 4368 1105 4476 scriptum
1139 4365 1373 4477 reliquit.

312 4512 393 4598 His
414 4515 545 4625 ‘igitur
570 4513 678 4596 locis
703 4515 739 4596 si
764 4512 946 4596 eundem
973 4514 1221 4622 scriptorem
1246 4511 1463 4623 indigitari
1485 4514 1731 4599 conceditur
1757 4566 1814 4579 -

161 4690 298 4775 neque
320 4688 421 4745 vero
445 4662 492 4743 in
516 4660 659 4743 verbis
684 4688 793 4771 quae
817 4660 1040 4745 atmiimus
1067 4659 1300 4771 quidquam
1325 4661 1466 4744 inesse
1495 4660 1672 4766 videtur,
1697 4665 1810 4775 quod

161 4809 290 4892 talem
324 4810 611 4892 coniecturam
646 4805 889 4890 subvertere
908 4807 1080 4918 possit,
1122 4809 1281 4918 quippe
1315 4835 1423 4919 quae
1454 4805 1511 4891 de
1542 4807 1693 4893 iisdem
1727 4813 1812 4894 fere

258 5024 289 5100 r)
312 5024 445 5103 pagana
463 5023 532 5083 eoa
552 5019 763 5101 nuga.·saav.
783 5023 857 5083 rou
876 5021 909 5080 a
925 5025 985 5084 no.
1068 5021 1098 5099 a)
1117 5020 1178 5080 uu
1196 5041 1261 5100 pag.
1273 5023 1329 5083 na
1348 5039 1420 5081 aa.
1433 5022 1461 5083 5.
1540 5024 1572 5102 a)
1591 5023 1659 5084 uua
1681 5045 1744 5104 pag.
1757 5030 1811 5085 122

160 5108 379 5196 postmodium.
455 5116 486 5194 4)
510 5115 578 5175 ibid.
598 5133 662 5194 pag.
680 5117 737 5177 194
755 5126 821 5174 ante
840 5114 973 5174 medium.
1051 5115 1082 5190 6)
1108 5114 1152 5174 cd.
1171 5114 1210 5174 0.
1229 5113 1321 5186 Jahn,
1339 5118 1436 5193 puga
1453 5132 1527 5176 vers.
1541 5120 1571 5178 l.
