4644 6414
374 714 430 796 32
938 734 1470 798 onsuruorunnrnaxxxru

372 954 507 1055 petisse
533 963 576 1025 ut
599 941 731 1025 funere
759 949 826 1024 illo
851 944 1066 1025 efferretur
1091 949 1277 1027 stlocum
1302 949 1492 1026 edocuisse
1517 946 1706 1026 thesaurib
1733 962 1770 1025 et
1793 949 1910 1024 filiam
1930 974 2028 1024 ccm-

375 1085 599 1164 mendasse.
634 1111 768 1161 aurum
793 1085 980 1186 praedicto
1004 1084 1087 1162 loco
1110 1097 1308 1186 repertum,
1333 1098 1370 1161 et
1393 1085 1507 1162 frater
1525 1087 1631 1162 heres
1654 1085 1843 1186 repentino
1862 1098 2029 1161 mortuus

375 1224 566 1300 nuntiatus
576 1223 604 1294 δ.
642 1221 799 1297 multam
922 1221 955 1298 si
983 1233 1071 1298 sunt
1094 1219 1186 1297 tend
1199 1277 1209 1294 .
1224 1277 1233 1295 .
1249 1219 1331 1296 .dis
1363 1221 1424 1298 die
1457 1278 1638 1297 ........
1672 1221 1795 1322 expeti
1820 1247 1882 1296 ma
1896 1278 1928 1294 ..
1961 1245 2031 1295 nec

243 1386 320 1438 ¹001.
331 1390 355 1436 2.
374 1356 582 1461 opplendae
604 1368 691 1433 sunt
716 1354 928 1433 huiusmodi
953 1357 1225 1459 cognitionibus
1251 1354 1498 1454 ‘emulcet
1522 1383 1608 1435 cum
1627 1357 1717 1434 satis
1736 1356 1910 1432 defendat
1930 1381 2031 1450 usus,

379 1509 415 1572 et
446 1520 512 1570 co.
528 1491 654 1568 ...les
687 1548 844 1567 .......
858 1490 942 1569 ibus
974 1504 1120 1570 tanturn
1150 1493 1197 1570 de
1210 1550 1220 1569 .
1235 1496 1274 1570 ‚f
1298 1519 1392 1594 opus
1423 1492 1495 1568 fuit
1527 1506 1652 1570 nostro
1684 1517 1837 1593 corpore
1870 1516 2032 1585 noscere,

380 1645 560 1732 quantum
585 1628 784 1703 memoriae
807 1628 952 1704 tradere
979 1687 1085 1705 .....
1112 1628 1360 1706 retinererros
1388 1685 1517 1703 ......

533 1762 638 1838 Idem
671 1789 760 1866 ergo
792 1763 889 1840 filias
921 1791 984 1840 sus
1005 1823 1136 1841 ......
1150 1765 1296 1843 ichibus
1330 1791 1376 1867 ep
1391 1823 1399 1838 .
1414 1765 1447 1840 si
1479 1790 1517 1839 se
1543 1777 1646 1865 geret
1681 1763 1870 1840 .aturibus
1900 1788 2036 1863 genere

383 1959 514 1976 ......
549 1924 594 1975 ac
620 1911 741 1975 tutum
773 1900 842 1976 ivit
873 1900 913 1976 in
937 1899 1118 1978 hibernas
1143 1928 1184 1979 se
1209 1928 1259 1979 au
1442 1901 1654 1976 communis
1678 1900 1823 2002 elegere
1843 1874 2036 1975 xconsensu

381 2063 460 2116 esse
592 2035 658 2112 des
683 2035 855 2113 edoctrm
886 2037 977 2139 quid
1002 2037 1043 2112 in
1153 2037 1305 2117 tradidit
1338 2053 1428 2113 aest
1453 2063 1540 2113 cum
1571 2051 1814 2113 conservaret
1840 2035 2037 2112 debuisset.

381 2174 441 2250 cui
461 2187 609 2248 tamena
632 2169 825 2248 duodecim
843 2172 948 2248 milia
967 2175 1234 2252 contenderunt
1255 2174 1399 2250 Ioniam
1416 2175 1503 2250 ires.
1530 2174 1759 2275 pomeriumt
1778 2173 1877 2274 ignis
1893 2200 1964 2249 suu
1979 2232 1987 2246 .
2004 2232 2035 2246 ..

381 2309 622 2403 urbanorum,
657 2334 681 2383 a
707 2308 889 2410 Lupicino
916 2308 1078 2387 Severo¹
1102 2311 1143 2387 in
1174 2312 1267 2390 ville
1290 2340 1330 2388 m
1344 2371 1353 2388 .
1368 2372 1377 2390 .
1393 2371 1401 2386 .
1418 2312 1500 2387 ‚nis
1533 2309 1814 2388 tebemaculnm
1844 2310 2036 2411 posuisset

382 2471 456 2545 qua
482 2445 638 2521 dicitnr
657 2447 880 2546 pomerium,
906 2447 941 2522 ei
967 2449 1001 2525 ci
1015 2505 1341 2524 ..............

1039 2858 1088 2918 nx
1110 2858 1220 2919 trano
1243 2859 1376 2922 xxxin?

1179 3008 1246 3084 IV.

253 3165 372 3288 ‘isiae'
527 3143 715 3222 ‘matrona
740 3142 924 3246 quaedam
949 3142 1056 3242 quasi
1086 3157 1209 3220 mente
1242 3159 1425 3220 commota
1451 3144 1546 3221 sedit
1561 3145 1614 3219 'in
1642 3142 1797 3219 consilio
1823 3142 1934 3218 Iovis.
1974 3141 2044 3217 ita·

259 3301 367 3357 ·r01.s'.
386 3307 459 3384 que
484 3282 681 3359 lustratum
706 3293 762 3356 est
788 3278 909 3355 denuo
936 3275 1172 3377 Capitolium.
1211 3294 1248 3357 et
1278 3282 1317 3357 in
1344 3280 1492 3358 Sabinis
1518 3280 1649 3357 Martis
1681 3281 1831 3382 signum
1860 3279 2043 3378 increpuit

385 3419 449 3493 et'*
474 3418 690 3495 devolutum
718 3414 921 3491 nuntiatrn.
961 3426 999 3488 et
1032 3390 1093 3490 die
1124 3417 1286 3517 quodam
1320 3430 1406 3494 ante
1438 3417 1547 3494 ludos
1579 3418 1644 3520 qui
1674 3415 1790 3492 futuri
1820 3429 1924 3492 erant
1957 3442 2043 3492 cum

386 3552 567 3631 tubicines
607 3551 708 3656 apud
745 3578 849 3627 aram
882 3549 1134 3650 concinerent,
1172 3580 1313 3657 angues
1351 3555 1450 3656 nigri
1484 3552 1607 3631 subito
1641 3564 1891 3655 apparuerunt
1923 3576 2044 3652 neque

386 3703 473 3766 ante
499 3746 532 3764 ..
559 3693 617 3766 sei
643 3712 859 3767 concinnere
885 3697 922 3760 et
946 3687 1129 3765 morsibus
1155 3691 1291 3768 multos
1316 3689 1493 3766 invadere
1518 3691 1747 3783 desiverunt,
1774 3715 1885 3791 quam
1912 3687 2044 3764 tubici-

389 3852 454 3901 nes
480 3826 751 3904 conticuissent
790 3848 860 3899 nec
886 3847 1045 3925 usquam
1071 3825 1268 3928 derepente
1293 3840 1553 3930 apparuerunt.

476 4052 506 4112 a)
523 4050 562 4100 sic
580 4050 665 4101 locem
682 4045 877 4098 emendavimus
894 4062 951 4098 cunr
969 4048 1072 4113 etiaim
1097 4051 1180 4103 atita
1199 4051 1361 4115 Mammea,
1383 4053 1427 4117 qur
1445 4048 1508 4102 baec
1524 4050 1669 4118 proponit:
1694 4065 1754 4101 eum
1771 4051 1869 4117 petisse
1887 4050 1973 4102 decies
1995 4050 2046 4112 (stc

388 4159 439 4209 pro
457 4142 552 4196 littere
569 4143 593 4194 'l'
610 4140 720 4208 reduc)
738 4139 824 4191 funeri
843 4147 993 4209 erogaretur
1010 4149 1061 4197 etc.
1131 4142 1159 4212 b)
1183 4144 1320 4198 edocuisse
1338 4143 1456 4196 theani
1480 4145 1519 4196 Μ.
1577 4143 1603 4212 e)
1622 4141 1705 4195 fllium
1723 4143 1918 4197 commendasse
1933 4145 2047 4196 Plinium

390 4245 516 4306 sequutus
534 4239 689 4291 nomm.
760 4232 791 4299 d]
809 4247 866 4287 cres
883 4251 905 4288 r.
923 4252 959 4288 m.
976 4239 1114 4291 nuntietur
1127 4239 1166 4293 Μ.
1237 4237 1266 4307 e)
1284 4236 1417 4292 chartulas
1436 4239 1493 4291 eod.
1564 4236 1597 4306 f)
1615 4237 1720 4291 demum
1737 4246 1785 4291 aet
1803 4239 1915 4305 deniqne
1932 4243 1974 4289 cel
1992 4238 2046 4288 tate

391 4332 645 4401 pessumeuntem
661 4330 776 4382 tuerer.
846 4331 877 4397 9)
893 4331 934 4383 stc
949 4334 1024 4400 forte
1041 4333 1215 4388 scribendum.
1285 4331 1314 4399 b)
1332 4347 1421 4387 ccccm
1439 4340 1465 4385 et
1481 4333 1678 4400 supplentem
1701 4335 1806 4402 signum
1824 4334 1852 4384 in
1871 4339 1950 4399 ceput
1970 4329 2047 4382 devo-

391 4426 476 4478 lntnm
493 4429 534 4480 M.
604 4425 633 4495 ι’)
651 4425 730 4483 ..ΒΕ
747 4424 822 4489 πὼς
844 4425 878 4478 ed
895 4441 925 4479 se
942 4427 993 4490 113
1018 4444 1054 4480 as
1071 4430 1210 4497 tegendum
1229 4408 1371 4501 [munds

392 4624 427 4675 ec
452 4613 494 4676 iia
512 4615 706 4701 sanabatur
734 4637 816 4701 quae
840 4631 1051 4703 comparum
1072 4617 1196 4705 fferre·
1242 4617 1299 4687 ille
1315 4626 1485 4705 antepere
1502 4627 1671 4706 corruptus
1692 4627 1752 4701 est,
1774 4627 1889 4683 utnon
1906 4615 1976 4680 sine
1996 4635 2049 4682 au-

393 4733 454 4786 ter.
484 4720 554 4789 Hoc
577 4749 610 4792 eo
631 4736 784 4792 maante
795 4723 920 4812 fretra
941 4726 1106 4796 ᾱοηιεειίσί
1119 4750 1195 4816 pro
1245 4725 1338 4797 decia
1365 4726 1530 4796 emendari
1558 4726 1668 4816 possit
1717 4724 1820 4810 Quid,
1847 4724 1874 4793 si
1899 4723 2048 4812 legimus:

385 4853 466 4919 pere
487 4831 713 4904 eduumiom
734 4838 948 4906 eccaimotem
968 4836 1070 4922 illem,
1091 4847 1121 4904 et
1141 4859 1196 4907 cu·
1244 4835 1310 4906 elt's'
1327 4885 1336 4903 .
1356 4883 1390 4904 ..
1413 4833 1505 4924 [t‘plec
1529 4861 1602 4905 cero
1628 4860 1699 4905 eum
1725 4836 1814 4903 intro
1833 4831 1988 4923 m[ce]mb
2003 4848 2049 4909 te·

393 4962 465 5008 rum
486 4941 545 5009 adi
562 4942 689 5012 dherat
707 4961 866 5034 repetem
886 4960 940 5017 eet
1244 4943 1472 5035 damnantque]
1497 4948 1670 5036 portabant,
1699 4968 1764 5031 quo
1783 4942 1927 5032 Μὴν
1942 4968 2049 5033 pomo·
2136 4931 2138 4936 ¹

460 5049 494 5138 1)
514 5050 641 5122 Dehoc
649 5053 729 5124 nihil
741 5055 937 5144 invenimne3
953 5054 1195 5127 ceterumlccus
1244 5056 1343 5142 νίκα,
1365 5056 1404 5141 es',
1416 5065 1480 5133 etc.
