4644 6414
1043 752 1293 814 culcanna.
1879 730 1995 818 XXI

324 964 643 1072 superstitione
676 991 723 1048 se
748 964 961 1049 imbutum
991 965 1123 1050 fuisse
1147 964 1334 1051 Granius
1358 967 1546 1052 ostendit
1557 970 1583 1073 ¹,
1615 971 1698 1055 hoc
1721 983 1866 1058 tamen
1890 990 1994 1061 nus·'

341 1137 471 1222 quam
491 1109 617 1196 illum
634 1112 689 1196 ad
707 1110 836 1195 fidem
856 1111 1103 1196 historicam
1122 1112 1367 1197 violandam
1392 1115 1586 1199 incitavit
1607 1128 1651 1200 et
1667 1118 1841 1229 reliquis
1862 1124 1991 1208 etiam

339 1258 467 1344 huius
492 1261 645 1344 aetatis
671 1257 961 1368 scriptoribus,
986 1287 1067 1343 nec
1090 1286 1179 1343 non
1203 1261 1288 1369 ipsi
1298 1259 1435 1365 Livio,
1462 1289 1687 1347 commune
1712 1266 1863 1351 vitium
1890 1280 1966 1353 est

492 1405 631 1508 Quare
657 1407 832 1490 sichus
857 1407 1095 1516 quisquam,
1120 1416 1234 1490 certe
1247 1406 1433 1492 Granius
1447 1407 1695 1496 Licinianus
1720 1413 1804 1497 fide
1829 1414 1992 1526 dignis-

339 1554 473 1637 simus
499 1554 676 1658 videtur,
702 1556 824 1640 cuius
850 1582 960 1667 opus
982 1556 1195 1665 integrum
1210 1566 1418 1665 quantum
1442 1555 1497 1639 ad
1519 1557 1741 1644 historiam
1752 1561 1990 1648 Romanam

338 1700 634 1785 elucidandam
667 1701 915 1785 effecturum
949 1712 1080 1806 esset,
1121 1701 1193 1784 vel
1230 1729 1282 1784 ex
1316 1701 1568 1813 fragmentis
1598 1707 1708 1810 eiua,
1745 1717 1843 1790 utut
1877 1720 1989 1816 sunt,

336 1847 462 1931 facile
482 1848 630 1960 colligi
651 1849 818 1959 poterit.
851 1847 970 1932 Haec
992 1848 1117 1951 enim,
1138 1851 1333 1958 quamvis
1352 1848 1408 1932 ab
1429 1850 1639 1934 erroribus
1661 1854 1835 1936 omnino
1856 1854 1991 1940 libera

337 2023 425 2081 non
452 1998 540 2080 sint
550 2000 578 2100 2,
612 2023 751 2105 neque
776 1995 989 2106 permulta
1012 1995 1233 2105 hucusque
1265 1995 1393 2104 plane
1419 1997 1568 2106 ignota
1593 1999 1839 2083 exhibeant:
1872 2002 1987 2087 haud
2093 2010 2110 2046 '

336 2172 430 2229 raro
456 2155 601 2228 tamen
625 2142 753 2226 rebus
779 2145 913 2253 gestis
938 2152 1012 2226 aut
1039 2170 1195 2226 novam
1221 2141 1361 2225 lucem
1387 2143 1606 2249 affenmt³,
1631 2156 1706 2228 aut
1730 2146 1989 2257 reliquorum

338 2294 592 2402 scriptorum
624 2289 752 2374 modo
785 2290 1039 2374 confirmant
1071 2290 1383 2394 auctoritatem,
1417 2291 1544 2374 modo
1571 2291 1834 2377 subvertrmt
1882 2294 1989 2380 dure

335 2438 479 2549 itaque
504 2439 717 2539 miramur,
744 2437 859 2547 quod
878 2446 1024 2520 tantus
1050 2445 1198 2520 auctor
1216 2463 1304 2518 non
1325 2434 1421 2519 dico
1449 2446 1688 2547 temporum
1708 2440 1801 2523 vice
1824 2468 1899 2550 per
1920 2453 1987 2527 tot

336 2558 507 2672 saecula
539 2585 727 2687 latuerit,
765 2584 842 2668 sed
877 2583 991 2694 quod
1024 2563 1257 2666 Annalium
1290 2582 1381 2665 eius
1414 2583 1528 2695 apud
1558 2595 1722 2669 veteres
1758 2587 1986 2697 scriptores

334 2732 455 2817 nulla
481 2733 655 2816 omnino
687 2730 814 2814 nobis
843 2732 1004 2814 mentio
1038 2739 1248 2834 occurrat,
1275 2756 1454 2839 quorum
1485 2730 1558 2812 vix
1589 2760 1700 2814 unus
1726 2742 1853 2843 atque
1880 2733 1988 2820 alter

332 2881 403 2966 vel
422 2909 579 2965 nomen
605 2883 748 2991 ipsum
766 2878 1021 2963 recordatur.
1061 2874 1171 2961 Sane
1200 2877 1358 2959 ‘vixere
1387 2875 1519 2961 fortes
1540 2889 1639 2961 ante
1657 2878 1986 2990 Agamemnona

333 3029 473 3113 multi’
500 3030 592 3139 qui,
623 3054 832 3110 unacum
858 3022 1020 3110 Granio
1045 3023 1269 3108 Liciniano
1296 3023 1386 3107 Titi
1408 3023 1508 3108 Livi
1532 3023 1880 3133 splendidissimo
1904 3056 1985 3113 no-

332 3178 447 3261 mine
472 3174 625 3280 obruti,
651 3173 783 3285 longa
806 3175 1028 3282 hucusque
1052 3181 1179 3255 nocte
1204 3171 1383 3254 forsitan
1408 3172 1546 3282 ignoti
1571 3175 1823 3282 urguentur!
1863 3171 1988 3276 Quos
2031 3171 2032 3174 ‘

332 3324 497 3407 utinam
530 3348 664 3431 aeque
694 3330 824 3446 atque
848 3331 1042 3404 nostrum
1078 3317 1313 3402 etenebris
1346 3345 1489 3402 eruere
1521 3347 1621 3401 mox
1655 3302 1852 3430 cuiquam
1879 3350 1983 3408 con-

331 3470 489 3581 tingat!
529 3466 663 3554 Grani
687 3468 899 3551 Liciniani
931 3477 1043 3551 certe
1076 3493 1296 3575 speramus
1321 3465 1411 3550 fore
1443 3475 1491 3548 ut
1524 3464 1648 3574 plura
1672 3465 1912 3578 fragmenta
1937 3471 1984 3554 in

332 3617 472 3701 lucem
497 3617 807 3727 protrahantur,
832 3617 942 3698 inter
966 3612 1236 3698 membranas
1261 3623 1311 3695 ut
1333 3611 1534 3696 credibile
1560 3624 1627 3697 est
1647 3614 1891 3698 etiamnunc
1917 3616 1981 3701 la-

330 3766 486 3867 tentia,
525 3791 635 3875 quae
672 3791 760 3846 una
791 3790 890 3845 cum
921 3761 1172 3872 fragmentis
1205 3761 1363 3843 nostris
1395 3787 1447 3842 ex
1479 3758 1653 3870 Egypto
1688 3790 1849 3870 paucos
1881 3776 1982 3849 ante

330 3938 466 3996 annos
492 3913 538 3994 in
562 3909 759 3995 Museum
783 3909 1077 3993 Britannicum
1101 3916 1366 3990 transvectae
1393 3916 1504 3989 sunt.
1548 3906 1720 3990 Etenim
1744 3910 1809 3991 vir
1832 3909 1982 3997 beatae

330 4059 557 4143 memoriae
583 4057 745 4141 Thous
770 4056 906 4160 Emis,
940 4083 1068 4166 quem
1099 4054 1213 4138 haud
1244 4053 1405 4136 multos
1439 4063 1538 4137 ante
1563 4083 1733 4138 menses
1758 4061 1984 4167 repentina

329 4219 465 4290 morta
499 4203 725 4314 abreptum
752 4203 947 4287 Museum
975 4200 1268 4286 Britannicum
1303 4198 1531 4284 nobiscum
1565 4201 1705 4311 luget,
1740 4204 1811 4286 cui
1845 4233 1981 4289 mem·

327 4352 483 4437 branas
508 4353 607 4435 illas
632 4351 870 4435 accuratius
889 4348 1145 4460 perlustrare
1165 4377 1321 4432 munus
1344 4347 1593 4451 obvenerat,
1619 4377 1731 4432 anno
1753 4354 1979 4458 praeterito

326 4500 553 4584 nobiscum
570 4498 911 4600 communicavit,
930 4523 1206 4606 permagnam
1225 4494 1364 4578 adhuc
1384 4495 1554 4578 illannn
1573 4508 1737 4605 partem
1758 4525 1981 4608 superesse

328 4675 437 4758 quae
457 4645 654 4730 >nondum
679 4642 900 4755 explorata
925 4643 999 4746 sit,
1025 4641 1193 4753 sibique
1217 4643 1306 4726 veri
1333 4643 1599 4727 simillimum
1624 4642 1775 4747 videri,
1808 4644 1898 4731 fore
1928 4659 1979 4731 ut

423 4832 454 4909 1)
474 4830 524 4891 cfr.
538 4848 602 4908 pag.
613 4830 650 4891 31
669 4825 837 4908 hagana
856 4827 1059 4904 praeeesse
1077 4825 1243 4904 fragle³
1262 4845 1325 4905 pug-
1338 4829 1376 4888 35
1395 4825 1569 4906 fragmvn.
1641 4827 1672 4904 2)
1692 4826 1742 4886 cfr.
1753 4829 1873 4906 exempli
1889 4827 1979 4907 gratia

326 4928 451 5005 pag.33,
470 4933 499 4984 et
516 4923 621 4982 ibidem
642 4931 700 4982 not
716 4923 818 4996 1,3,4.
914 4920 946 4994 3)
966 4938 1042 4999 agr.
1061 4920 1142 4980 bello
1162 4919 1305 4981 Cimbrico
1326 4921 1402 5000 (pag.
1414 4924 1490 4983 33et
1500 4922 1551 4998 34)
1570 4930 1598 4979 et
1617 4921 1698 4982 Bello
1718 4921 1801 4982 Civili
1821 4922 1979 4982 Octaviano

328 5018 404 5097 (pag-
417 5017 567 5094 35-39);
588 5016 624 5075 dc
642 5015 688 5076 hia
707 5015 825 5093 aliisque
845 5011 907 5071 vide
927 5011 1132 5088 Mommsen,
1151 5015 1186 5074 R
1205 5015 1241 5075 G.
1262 5015 1372 5076 tomll
1392 5015 1470 5093 (edit.
1490 5014 1619 5092 secund.)
1638 5034 1703 5094 pag.
1718 5019 1765 5089 90,
1782 5018 1847 5090 178,
1860 5018 1931 5089 306,
1951 5024 1980 5074 et

324 5109 430 5174 ibidem
449 5110 654 5171 adnotationes.
