4644 6414
345 704 477 793 XXII
1057 731 1312 793 1111111110.

347 954 393 1034 in
424 949 513 1031 illis
548 946 682 1031 Grani
714 946 927 1030 Liciniani
958 945 1197 1054 fragmenta
1237 945 1445 1055 quaedam
1486 946 1574 1029 alis
1606 949 1785 1032 inveniri
1819 951 2001 1058 possint

347 1098 466 1183 Haec
500 1095 629 1206 igitur
661 1103 711 1175 ut
743 1119 872 1202 quam
896 1091 988 1174 fieri
1019 1100 1162 1200 potest
1196 1092 1402 1175 citissime
1434 1093 1764 1204 investigentur,
1800 1094 2002 1180 Summos

347 1245 473 1327 Viros
498 1239 636 1323 Musei
661 1238 894 1321 Britannici
921 1236 1141 1340 Patronos,
1167 1236 1562 1340 Bibliothecarium‚
1590 1236 1802 1325 Custodes
1827 1253 2000 1354 rogatos

347 1416 441 1474 esse
473 1387 591 1493 volo,
627 1385 741 1495 quod
776 1386 813 1467 si
843 1413 896 1468 ex
922 1393 1025 1466 voto
1055 1383 1165 1466 forte
1198 1387 1469 1486 successerit,
1502 1414 1630 1494 quam
1662 1417 1867 1499 magnum
1901 1387 2000 1472 inde

349 1538 536 1620 fructum
562 1533 754 1616 Historia
778 1529 970 1614 Romana
996 1531 1136 1638 capiet
1162 1532 1259 1640 quis
1284 1543 1353 1615 est
1377 1559 1504 1641 quem
1530 1532 1695 1643 fugiat?

499 1973 617 2057 Haec
637 1973 774 2056 habeo
795 1997 904 2080 quaa
926 1968 981 2050 de
998 1965 1133 2050 Grani
1145 1966 1357 2052 Liciniani
1378 1970 1627 2080 fragmentis
1649 1971 1875 2080 disputem,
1902 1981 2002 2081 post

349 2120 616 2229 undeviginti
640 2121 726 2203 fere
754 2115 925 2200 saecula
948 2113 1121 2197 tandem
1155 2115 1200 2196 in
1228 2114 1367 2199 lucem
1393 2118 1634 2226 prodituris.
1685 2117 1736 2200 In
1761 2119 2000 2205 bisantem

348 2265 677 2376 investigandis,
716 2261 1023 2363 describendis,
1064 2261 1334 2369 explorandis
1369 2265 1406 2346 si
1437 2265 1648 2349 nonnulla
1678 2267 1823 2348 forsan
1857 2266 2001 2350 minus

346 2426 460 2500 recte
487 2413 769 2497 instituimus:
804 2421 871 2512 ut,
906 2408 1074 2519 magnis
1101 2435 1204 2491 sane
1237 2419 1327 2492 tam
1352 2409 1472 2493 ardui
1498 2410 1657 2496 laboris
1684 2413 2001 2522 impedimentis

347 2570 461 2646 recte
486 2560 725 2670 perpensis,
759 2587 785 2640 1
811 2557 948 2639 doctis
976 2557 1078 2637 viris
1103 2538 1312 2640 eiusmodi
1338 2584 1497 2640 errores
1529 2558 1673 2667 aliqua
1698 2588 1752 2642 ex
1776 2545 1895 2668 parte¹
1922 2589 2001 2644 no-

348 2710 416 2793 bis
444 2707 735 2791 condonentur
761 2704 884 2787 valde
911 2718 1142 2813 speramus.
1196 2697 1313 2802 Quas
1339 2704 1512 2814 quidem
1541 2704 1772 2788 Annalium
1799 2706 2001 2816 reliquias

348 2859 409 2941 ita
432 2856 553 2966 typis
578 2850 873 2962 exprimendas
898 2879 993 2934 esse
1020 2851 1179 2954 censui,
1204 2861 1253 2934 ut
1277 2851 1415 2959 primo
1441 2850 1537 2934 loco
1564 2850 1662 2934 inde
1688 2880 1715 2935 a
1740 2881 1836 2962 pag.
1854 2855 2001 2938 1-26

346 3011 588 3089 accuratam
610 2998 769 3082 codicis
787 2998 1066 3107 manuscripti
1085 2998 1315 3107 imaginem
1335 2997 1566 3082 lectoribus
1587 3026 1877 3108 proponerem,
1896 3000 2001 3082 scri·

347 3151 477 3236 bendi
500 3149 629 3232 etiam
655 3146 920 3255 compendiis
946 3174 1025 3229 110
1044 3173 1131 3227 101
1149 3145 1317 3229 lacunis
1345 3127 1544 3229 omnibus
1565 3145 1763 3256 religiose
1782 3147 2000 3252 indicatis;
2139 3135 2143 3142 ’

349 3328 435 3411 qua
459 3299 504 3379 in
529 3322 574 3377 re
598 3295 660 3377 sic
682 3303 874 3376 versatus
901 3322 1016 3395 sum,
1041 3302 1090 3375 ut
1115 3320 1263 3376 omnes
1287 3293 1469 3396 litteras,
1502 3320 1609 3401 quas
1633 3321 1710 3401 pro
1738 3305 1853 3378 certo
1879 3294 2001 3378 inda»

348 3474 448 3559 gare
474 3444 616 3527 minus
648 3439 773 3523 nobis
803 3441 1005 3551 contigit,
1039 3439 1274 3523 minoribus
1297 3440 1451 3523 litteris
1476 3439 1772 3547 exprimendas
1798 3471 2001 3547 curarem,

349 3604 399 3677 111
433 3620 483 3675 10
508 3588 678 3671 facilius
706 3615 734 3668 a
758 3587 885 3669 certis
913 3587 1044 3671 dubia
1069 3588 1278 3698 distingui
1311 3572 1499 3697 possent.
1549 3585 1632 3670 His
1657 3586 1809 3672 deinde
1836 3600 2001 3675 textum
2136 3559 2139 3568 ¹

350 3736 608 3823 mbiecimus
630 3744 837 3843 quantum
851 3734 942 3816 fieri
961 3736 1103 3844 potuit
1124 3734 1397 3818 emendatum
1411 3732 1611 3840 notisque
1624 3743 1668 3815 et
1683 3736 1841 3818 criticis
1862 3737 2000 3822 histo-

348 3887 531 3993 ricisque
552 3884 819 3982 instructum,
841 3909 968 3990 quem
987 3880 1212 3964 doctorum
1230 3882 1452 3965 hominum
1467 3907 1601 3989 aequo
1622 3879 1778 3963 iudicio
1798 3911 1887 3967 non
1908 3887 2001 3972 sine

349 4029 636 4116 sollicitudine
659 4026 843 4147 quadam
856 4029 987 4111 animi
1004 4029 1293 4138 proponimus.
1318 4029 1512 4137 Denique
1529 4055 1682 4138 agmen
1698 4027 1859 4112 claudit
1872 4030 2000 4117 index

348 4179 588 4277 nominum,
612 4200 696 4284 quo
725 4174 879 4258 melius
907 4175 1078 4286 singule
1102 4202 1295 4285 quaeque
1322 4175 1510 4259 invenire
1539 4172 1771 4258 lectoribus
1796 4177 1973 4262 eveniat.

500 4321 649 4406 Restat
679 4330 728 4402 ut
760 4322 919 4431 gratias
952 4350 1078 4432 agam
1103 4321 1217 4405 Viris
1249 4320 1357 4423 illis,
1389 4324 1462 4431 qui
1497 4322 1608 4404 hanc
1633 4319 1768 4405 Grani
1788 4321 2000 4407 Liciniani

349 4472 578 4558 editionem
592 4478 647 4551 'et
675 4469 925 4552 auctoritate
961 4478 1106 4552 suaet
1131 4467 1310 4551 consilio
1340 4467 1711 4577 benivolentiaque
1736 4468 2000 4553 adiuverrmt

348 4621 405 4706 nt
430 4618 566 4727 primo
594 4613 766 4723 quidem
792 4614 887 4697 loco
908 4613 1194 4705 nominandus
1219 4626 1288 4699 est
1305 4613 1434 4701 Perua
1457 4617 1658 4724 optimus,
1683 4614 2000 4720 dilectissimus,

349 4767 424 4880 qni
447 4791 535 4846 non
561 4761 700 4843 solum
724 4761 964 4872 fragmenta
988 4763 1150 4870 primus
1176 4763 1368 4846 omnium
1393 4760 1612 4872 indagavit
1632 4788 1764 4870 eaque
1783 4760 1927 4871 aliqua
1946 4790 1998 4845 ex

347 4922 467 5028 parte
491 4907 728 5019 descripsit,
755 4936 901 4991 verum
922 4910 1050 4992 ctiam
1071 4909 1182 4991 hanc
1201 4917 1392 4990 nostram
1411 4909 1701 4990 recensionem
1724 4906 1896 5019 ingenio
1919 4936 1998 4993 sno

349 5054 630 5170 prudentique
655 5055 835 5139 coneilio
858 5052 1082 5164 amplexus
1107 5063 1184 5137 est.
1222 5051 1401 5137 Debitus
1422 5051 1574 5136 deinde
1599 5052 1766 5161 gratias
1780 5054 1997 5144 reddimus
