4644 6414
326 731 431 816 XIV
1039 749 1291 817 sarariam.

328 974 455 1057 rebus
483 981 685 1072 tractant,
723 969 784 1050 ita
818 976 867 1050 ut
898 964 1135 1050 abeodem
1165 975 1337 1049 auctore
1369 992 1422 1050 ea
1453 967 1695 1075 conscripta
1726 995 1819 1051 esse
1852 967 1978 1053 facile

327 1119 548 1205 credamus
573 1164 631 1178 -—
663 1115 748 1197 iam
772 1111 1005 1196 videndum
1029 1120 1114 1216 est,
1147 1113 1186 1198 si
1210 1113 1319 1197 forte
1346 1111 1533 1202 Granius
1558 1112 1741 1200 Flaccus
1766 1142 1793 1197 a
1816 1113 1978 1200 Granio

326 1265 550 1349 Liciniano
575 1261 768 1345 diversus
795 1259 863 1344 sit.
907 1256 1047 1359 Quam
1070 1286 1160 1342 rem
1186 1286 1261 1343 cur
1283 1288 1371 1344 non
1398 1259 1667 1344 statuendam
1687 1287 1782 1344 esse
1803 1275 1979 1347 conten·

327 1413 468 1495 dimus
493 1408 765 1520 perspicuum
791 1414 868 1490 est
923 1404 1065 1490 Locus
1090 1406 1206 1489 enim
1231 1405 1306 1490 ille
1330 1435 1458 1517 quem
1484 1435 1537 1490 ex
1561 1406 1691 1493 Festo
1714 1407 1980 1520 deprompsi·

327 1586 443 1641 mus:
480 1556 649 1639 &aaa
682 1554 831 1665 quidem
863 1553 920 1635 ait
947 1557 1048 1636 ‘aare
1079 1550 1258 1637 achetae
1290 1553 1480 1662 cingulum
1513 1555 1648 1663 capitio
1683 1583 1755 1666 qao
1780 1583 1858 1664 pro
1889 1557 1981 1641 uitta

328 1704 540 1788 Flaminica
569 1699 805 1785 redimiatar’
841 1725 969 1810 quam
996 1696 1105 1781 bene
1130 1701 1371 1784 consentiat
1396 1729 1495 1785 oum
1524 1700 1621 1785 loco
1646 1700 1723 1785 illo
1748 1702 1864 1812 apud
1889 1702 1982 1786 Ma·

329 1849 539 1953 crobium‚
573 1844 783 1934 Saturnl
808 1872 899 1955 cap.
922 1847 993 1930 16:
1033 1845 1089 1928 ait
1112 1845 1210 1931 enim
1234 1848 1434 1932 ‘nundinae
1459 1849 1564 1932 Joaia
1587 1849 1709 1958 serias
1734 1877 1834 1933 ease.-
1858 1851 1983 1961 ⁴siqui·

329 2001 412 2080 dara
430 1995 647 2079 Flaminica
668 1991 837 2076 omuibus
856 1992 1036 2075 madias
1055 1992 1098 2075 ia
1121 1992 1229 2102 rapio
1248 1995 1336 2076 Joai
1360 1996 1514 2079 aticum
1532 1997 1653 2079 soleat
1669 1996 1881 2078 iaaaclaac'
1902 2007 1982 2079 etc

328 2146 425 2257 quis
451 2153 518 2226 cst
543 2171 671 2252 quem
695 2137 863 2250 fugiat?
921 2135 1112 2238 Quorum
1137 2139 1245 2224 alter
1268 2168 1367 2224 cum
1395 2140 1587 2226 Granio
1618 2141 1829 2226 tribuatur
1855 2171 1982 2252 quem

329 2321 355 2374 a
381 2288 576 2374 Granio
603 2285 792 2370 Flacco
815 2284 1029 2368 diversum
1055 2312 1144 2369 non
1169 2313 1264 2370 esse
1291 2315 1437 2398 supra,
1461 2317 1550 2372 non
1575 2290 1672 2373 dico
1695 2289 1982 2399 probavimus,

330 2435 406 2520 sed
440 2433 662 2546 probabile
695 2459 790 2517 esse
822 2432 1026 2535 diximus,
1057 2431 1166 2516 alter
1199 2461 1299 2518 vero
1333 2432 1528 2519 Granio
1557 2435 1859 2520 Liciniano:
1897 2437 1982 2519 iam

329 2585 519 2694 proxime
545 2580 600 2664 ad
625 2583 847 2664 veritatem
873 2581 1105 2664 accessisse
1129 2579 1256 2664 nobis
1282 2580 1531 2686 videbimur,
1557 2583 1594 2668 si
1617 2581 1824 2669 Granium
1851 2585 1981 2667 etiam

330 2731 535 2814 Flaccum
562 2755 707 2811 revera
731 2725 865 2810 unum
892 2753 996 2810 esse.
1013 2753 1112 2808 oum
1137 2723 1298 2810 Granio
1325 2725 1547 2813 Liciniano
1574 2732 1856 2814 statuerimus.

480 2872 599 2975 Quae
626 2875 663 2957 si
683 2901 783 2956 vera
811 2883 923 2976 sunt,
948 2873 1002 2956 de
1023 2880 1214 2983 tempore
1240 2901 1325 2985 quo
1347 2884 1495 2959 auctor
1514 2887 1659 2961 noster
1678 2877 1877 2979 floruerit,
1904 2877 1982 2959 du·

330 3024 456 3107 bituri
479 3049 568 3105 non
595 3030 749 3131 potest,
776 3022 813 3104 si
832 3019 960 3123 modo
975 3017 1256 3105 Censorinum
1280 3021 1543 3130 respicimus,
1568 3025 1644 3133 qui
1666 3024 1695 3108 l.
1716 3053 1752 3108 c.
1775 3022 1982 3109 Granium

329 3171 533 3255 Flaccum
559 3167 717 3251 librum
749 3167 801 3251 de
827 3166 1165 3278 indigitamentis
1196 3165 1250 3250 ad
1278 3164 1504 3254 Gaesarem
1530 3173 1735 3281 scriptum
1759 3171 1982 3281 reliquisse

330 3318 467 3402 tradit.
524 3313 626 3398 lam
658 3314 789 3424 igitur
813 3313 1044 3397 videndum
1071 3325 1153 3418 est,
1189 3314 1227 3397 si
1258 3341 1313 3398 ax
1340 3315 1447 3425 ipsis
1472 3316 1707 3401 Annalium
1731 3317 1982 3429 fragmentis

329 3463 539 3550 Granium
571 3460 841 3544 Licinianum
867 3460 951 3544 hoc
982 3462 1079 3570 ipso
1110 3457 1158 3545 G.
1193 3459 1302 3544 Julii
1335 3457 1528 3548 Caesaris
1557 3475 1748 3575 tempore
1785 3465 1981 3549 floruisse

330 3606 599 3719 comprobari
624 3609 791 3718 poterit.

480 3750 576 3853 Qua
608 3756 653 3837 in
685 3781 729 3838 re
756 3781 809 3836 ex
834 3761 935 3836 voto
961 3750 1087 3836 nobis
1114 3751 1323 3854 succedit,
1356 3753 1472 3863 quod
1499 3784 1632 3840 unum
1658 3756 1812 3841 saltem
1838 3756 1981 3843 locum

329 3901 375 3982 in
398 3899 650 4010 fragmentis
674 3900 934 4002 invenimus,
966 3898 1041 4008 qui
1065 3910 1248 3984 aeuum
1274 3900 1493 4009 scriptoris
1517 3930 1571 3987 ex
1595 3932 1682 3987 una
1706 3914 1825 4013 parte
1855 3904 1982 3988 certis

330 4046 487 4130 finibus
508 4045 827 4131 circumscribit.
863 4045 1067 4155 Legimus
1088 4046 1203 4130 enim
1220 4045 1324 4130 folio
1338 4052 1395 4130 IV
1407 4080 1436 4129 r.
1457 4047 1571 4161 (pag.
1586 4051 1640 4135 23
1661 4076 1768 4134 vers.
1784 4057 1831 4130 18
1852 4050 1981 4164 sqq.):

329 4193 491 4276 Sallusti
516 4222 610 4302 opas
638 4192 744 4277 aclis
767 4193 954 4289 ocairrit3
977 4194 1048 4275 ret
1068 4221 1151 4291 aaa,
1178 4205 1221 4277 at
1243 4194 1484 4291 institerimus,
1509 4222 1636 4280 moras
1658 4209 1695 4281 et
1713 4225 1790 4281 aaa
1807 4196 1982 4307 urgentia

331 4342 547 4424 omittemus.
604 4342 705 4421 Nam
730 4339 953 4424 Sallentina
978 4367 1053 4423 aaa
1083 4352 1126 4423 at
1149 4337 1322 4424 historici
1352 4353 1460 4438 aaut,
1489 4344 1560 4425 aea
1581 4355 1624 4427 ut
1646 4357 1832 4428 oratorem
1857 4344 1981 4453 legeri-

330 4489 418 4568 dam
442 4497 521 4571 etc.
560 4484 685 4569 Hanc
711 4497 854 4571 autem
873 4484 1052 4570 Sallusti
1074 4487 1336 4571 mentionem
1356 4487 1437 4572 sub
1459 4516 1571 4573 anno
1597 4489 1699 4575 iecit
1718 4518 1757 4573 a.
1776 4488 1827 4575 U.
1849 4519 1883 4572 c.
1899 4493 1981 4574 676

330 4630 385 4740 (a.
411 4628 509 4717 Chr.
534 4662 575 4718 n.
592 4632 682 4745 78);
714 4663 810 4719 eam
835 4631 892 4717 ob
917 4658 1110 4739 causam,
1137 4635 1238 4745 quia
1262 4633 1411 4718 eodem
1433 4663 1547 4720 anno
1572 4635 1857 4721 Historiarum
1882 4637 1980 4725 libri

330 4777 636 4887 incipiebant¹3
661 4781 805 4891 itaque
832 4777 1009 4864 Sallusti
1031 4808 1153 4892 opus,
1178 4808 1264 4893 quo
1291 4790 1482 4892 tempore
1503 4782 1751 4867 Iicinianus
1775 4809 1843 4867 res
1868 4813 1980 4871 anuo

425 4998 457 5074 1)
482 4996 534 5057 cfr.
554 4998 667 5060 Salluu.
687 5001 796 5062 Histor-
816 4997 866 5061 lib.
880 4997 910 5073 1,
931 4996 1031 5079 fragm.
1049 5007 1078 5063 l:
1108 5007 1168 5064 ltu
1190 5002 1292 5080 popatt
1309 5007 1435 5064 &arani
1459 5006 1505 5063 Μ.
1524 5000 1633 5078 Lepida
1658 5003 1694 5075 Q.
1716 5003 1822 5065 catab
1847 5023 1919 5064 0023,
1945 5023 1979 5061 a,

330 5089 431 5149 driade
449 5091 571 5150 militias
589 5101 615 5151 at
633 5094 712 5155 domi
728 5103 823 5173 gama
840 5096 994 5171 amputat.
1311 5103 1312 5106 ¹
1810 5092 1812 5097 <
