4644 6414
521 699 627 785 XVI
1211 729 1468 789 arnasano.

524 943 709 1027 Granius
736 939 901 1044 adiecit,
928 968 1137 1050 quemque
1150 939 1300 1022 Livius
1326 941 1454 1023 etiam
1480 941 1526 1023 in
1549 923 1747 1049 Epitome
1774 943 1873 1026 libri
1895 946 1960 1027 89.
1984 943 2176 1026 exhibet:

524 1088 685 1171 sedita
712 1097 867 1191 tamen,
894 1096 942 1170 ut
956 1085 1090 1172 Grani
1114 1087 1398 1171 narrationem
1424 1091 1687 1198 incomptam
1714 1089 2036 1200 simplicemque
2057 1119 2174 1174 more
2255 1068 2258 1078 ¹

525 1264 604 1317 suo
632 1242 880 1318 exornatam
907 1232 1032 1316 nobis
1059 1233 1349 1341 proposuerit.-

674 1376 841 1479 Quibus
863 1409 916 1462 ex
935 1380 1075 1462 causis
1095 1378 1296 1463 omnibus
1317 1408 1449 1490 quum
1471 1378 1679 1464 Granium
1692 1377 1961 1464 Licinianum
1976 1378 2178 1463 Sallustio
2244 1490 2252 1503 β

524 1526 694 1635 quidem
722 1528 928 1609 iuniorem
955 1526 1098 1629 fuisse,
1126 1526 1200 1609 sed
1226 1536 1325 1610 ante
1351 1525 1522 1609 Livium
1548 1524 1740 1613 Annales
1766 1555 1868 1610 suos
1895 1526 2078 1610 edidisse
2104 1555 2180 1636 ap·

524 1685 685 1783 pareat:
723 1675 808 1756 iam
843 1673 965 1757 loeus
997 1672 1087 1775 ille,
1122 1701 1249 1783 quem
1280 1702 1304 1756 e
1338 1668 1573 1756 Censorino
1608 1701 1738 1782 supra
1769 1674 2010 1777 attulimus,
2051 1701 2181 1783 quam

525 1820 632 1903 bene
665 1849 763 1902 cum
797 1820 881 1903 hoc
914 1820 1155 1902 consentiat
1186 1820 1459 1929 perspicuum
1491 1831 1575 1923 est,
1609 1822 1671 1904 ita
1694 1831 1743 1904 ut
1768 1821 1820 1903 de
1848 1819 2008 1906 Granio
2033 1831 2181 1902 nostro

525 1968 750 2077 loquutum
790 1995 888 2050 eum
927 1995 1021 2052 esse
1055 1966 1145 2048 veri
1178 1965 1234 2047 sit
1275 1968 1566 2051 simillimum·
1618 1968 1700 2051 His
1742 1968 1872 2078 igitur
1907 1967 2182 2081 quemadmo-

524 2113 627 2196 dum
665 2114 757 2195 fieri
789 2117 931 2225 potuit
963 2112 1194 2216 absolutis,
1232 2125 1364 2200 restat
1402 2126 1451 2200 ut
1483 2116 1631 2225 paucis
1666 2117 1793 2198 etiam
1830 2113 1882 2196 de
1924 2117 2019 2225 ipso
2058 2139 2184 2222 opere

525 2263 801 2370 disputemus.

718 2701 764 2759 DE
786 2699 915 2760 TlTULO
939 2700 1069 2761 opttus
1093 2700 1137 2787 ET
1159 2700 1290 2770 QUIBUS
1313 2698 1482 2760 TEltlllNlS
1506 2697 1824 2760 clncuusostewn
1847 2700 1985 2761 FUERlT.

680 2850 816 2934 Grani
841 2849 1053 2935 Liciniani
1080 2879 1188 2961 opus
1213 2849 1456 2934 Annalibus
1483 2879 1571 2934 non
1593 2850 1797 2935 Historiis
1822 2849 2186 2934 adnumerandum

528 3028 621 3082 esse
655 3026 789 3109 quum
820 2998 906 3081 iam
939 3024 990 3081 ex
1023 3008 1175 3081 natura
1201 2999 1291 3080 eius
1317 3009 1537 3107 appareat,
1573 3007 1666 3080 tum
1692 2998 1905 3106 expressis
1930 2997 2073 3081 verbis
2097 3027 2187 3082 non

528 3175 612 3229 uno
648 3145 744 3228 loeo
771 3144 827 3228 ab
853 3156 1025 3227 auctore
1048 3146 1142 3254 ipso
1169 3142 1482 3254 comprobatur.
1536 3140 1672 3244 ,Quod
1697 3145 1812 3226 enim
1840 3171 1968 3252 supra
1991 3144 2186 3272 diximus,

527 3296 771 3378 universum
805 3319 913 3401 opus
947 3320 998 3374 ea
1026 3293 1188 3375 ratione
1226 3292 1516 3402 conscriptum
1551 3301 1648 3393 est,
1678 3300 1726 3374 ut
1757 3317 1825 3372 res
1857 3300 2003 3400 gestas
2035 3322 2186 3376 omnes

527 3468 614 3522 non
647 3451 736 3522 tam
768 3467 845 3549 pro
878 3467 992 3522 nexu
1026 3440 1100 3548 qui
1134 3440 1342 3523 intereas
1367 3437 1595 3523 intercedit
1617 3438 1868 3521 coniunctas
1893 3448 2022 3549 atque
2049 3440 2186 3550 expli·

528 3599 664 3690 oatas,
697 3585 771 3669 sed
804 3614 881 3694 pro
917 3596 1108 3696 tempore
1135 3586 1225 3668 suis
1255 3585 1379 3668 annis
1406 3584 1656 3669 distributas
1681 3583 1912 3670 videamus.
1949 3644 1956 3669 2
1968 3582 2101 3671 Cuius
2123 3591 2188 3672 rei

527 3764 661 3818 unum
687 3732 959 3843 potissimum
986 3731 1230 3842 exemplum
1255 3730 1516 3816 afferendum
1540 3742 1619 3833 est,
1646 3759 1731 3841 quo
1756 3733 1864 3815 ratio
1895 3731 1971 3816 illa
1995 3738 2184 3818 conscri-

528 3880 658 3966 bendi
693 3909 778 3991 qua
809 3879 994 3966 Granius
1027 3890 1172 3963 noster
1203 3905 1307 3960 usus
1338 3878 1506 3963 videtur
1538 3877 1701 3986 optime
1733 3879 2001 3988 comprobari
2029 3893 2185 3991 potest.

528 4030 733 4140 Legimus
760 4028 874 4111 enim
901 4027 982 4112 sub
1007 4054 1120 4110 anno
1146 4054 1183 4108 a.
1200 4024 1252 4109 U.
1272 4053 1307 4108 c.
1326 4028 1408 4109 649
1435 4023 1489 4134 (a
1514 4020 1612 4108 Ghr.
1638 4024 1843 4136 n.105)¹:

629 4174 864 4260 Rutilius
899 4203 998 4259 cos.
1030 4173 1234 4283 collega
1262 4170 1456 4259 Manili.
1506 4175 1592 4255 Hoc
1617 4200 1715 4255 anuo
1748 4177 1819 4258 On.
1842 4173 2048 4284 Perpetuo
2072 4187 2186 4259 noma

630 4335 687 4404 est
716 4334 795 4405 eto.

531 4495 615 4574 qua
646 4496 698 4551 ex
732 4498 778 4552 re
805 4466 1012 4553 Granium
1046 4492 1155 4574 opus
1181 4493 1306 4550 sumn
1332 4492 1408 4572 per
1431 4491 1568 4547 annos
1594 4462 1859 4572 disposuisse
1880 4474 2019 4573 patet,
2054 4491 2186 4574 quum

626 4636 657 4712 1)
675 4629 1117 4713 s01.vl11',·col.1t-vea.srq.
1135 4634 1211 4714 (pag.
1218 4633 1277 4712 10).
1335 4634 1367 4710 2)
1385 4633 1452 4694 Hoc
1466 4633 1530 4695 loco
1545 4652 1604 4699 non
1616 4631 2021 4711 prsoeennitts‘ndumfridetnr
2032 4629 2092 4693 W.
2101 4632 2187 4695 ont.

531 4726 701 4787 Jacobum
721 4729 876 4808 Bernsys
896 4737 925 4787 et
944 4726 1169 4791 Theodorum
1190 4729 1379 4786 Mommsen
1398 4727 1427 4788 in
1443 4727 1527 4787 talem
1542 4725 1703 4804 opinionem
1723 4744 1813 4804 nuper
1825 4724 1968 4801 incidisse,
1987 4735 2021 4804 ut
2037 4728 2121 4785 verbs
2138 4725 2188 4795 illa

531 4837 588 4879 non
608 4817 645 4879 ab
664 4833 779 4880 auctore
797 4818 895 4880 nostro
914 4810 1075 4900 commpts
1097 4819 1150 4880 sed
1170 4821 1206 4880 ab
1226 4819 1379 4900 interprete
1398 4821 1520 4899 quodam
1541 4817 1660 4898 margini
1685 4829 1785 4897 postea
1805 4816 1910 4877 addita
1927 4818 2016 4879 tuisse
2034 4816 2186 4880 contende·-

531 4923 608 4988 rent,
634 4912 687 4975 stai
706 4912 1029 4999 codexsntimrissirnns
1053 4914 1169 4998 proprio
1189 4913 1289 4975 ordine
1308 4933 1342 4977 es
1361 4915 1485 4979 exhibet
1512 4915 1621 4997 jQusm
1641 4933 1700 4975 rem
1717 4912 1761 4998 its
1779 4930 1811 4972 se
1829 4912 1935 4998 habere
1953 4913 2100 4974 eominus
2117 4933 2186 4991 qen,-

532 5004 632 5067 cedere
650 5025 816 5083 possumus,
840 4994 897 5086 quo
917 5004 1007 5086 magis
1026 5008 1078 5067 riri
1097 5007 1139 5067 illi
1159 4994 1315 5067 doctissimi
1336 4998 1420 5068 ineo
1439 5028 1548 5070 meeum
1569 5005 1763 5080 consentiunt,
1782 5014 1815 5065 ut
1832 5004 1920 5066 Grani
1939 5025 2012 5084 opus
2032 5006 2184 5068 Annalium

532 5100 592 5159 rice
611 5098 757 5158 eonditum
777 5099 865 5160 fnisse
884 5102 1004 5162 libenter
1022 5101 1189 5163 comdant.
1212 5124 1215 5129 ’
1307 5116 1325 5156 .“
1369 5148 1373 5157 .
1704 5097 1708 5104 ’
