4644 6414
327 703 388 786 VI
490 790 492 795 ,
1029 728 1284 789 arnasano.

330 978 414 1059 quo
431 959 622 1054 tempore
636 954 760 1054 pater
773 970 824 1025 ea
841 942 1052 1025 tractavit.
1077 940 1121 1026 Is
1135 943 1250 1026 enirn
1266 944 1457 1028 codicem
1472 956 1668 1030 nostrum
1682 947 1814 1031 talem
1834 952 1880 1031 in
1894 978 1987 1032 mo·

327 1098 427 1179 dum
458 1102 732 1202 compactum
752 1116 847 1173 esse
866 1086 1090 1191 intellexit,
1109 1102 1161 1173 ut
1176 1100 1275 1175 octo
1297 1090 1471 1202 quidem
1492 1090 1597 1176 folia
1615 1096 1757 1204 priora
1775 1097 1988 1206 integrum

328 1243 651 1354 quaternionem
684 1235 919 1338 efficerent,
958 1234 1124 1346 reliqua
1153 1263 1253 1320 vero
1286 1247 1469 1348 quatuor
1499 1267 1695 1344 numero,
1728 1270 1838 1353 quae
1868 1240 1989 1324 nulla

325 1396 433 1495 inter
460 1418 504 1472 se
531 1383 794 1471 continentia
819 1380 1197 1492 coniungebantn,
1229 1412 1256 1466 a
1280 1382 1529 1497 bibliopega
1549 1397 1690 1472 vetere
1716 1389 1989 1501 adglutinata

329 1547 482 1622 essent.
541 1533 624 1635 Qui
650 1531 842 1644 quidem,
865 1526 1034 1612 duabus
1058 1527 1270 1638 prioribus
1298 1532 1522 1642 scripturis
1547 1536 1697 1638 erasis,
1728 1547 1777 1620 ut
1800 1533 1989 1647 Chryso·

330 1684 459 1768 sturni
491 1680 689 1766 homilias
730 1705 781 1762 eo
821 1676 976 1760 melius
1009 1676 1320 1786 superscribere
1352 1689 1502 1789 posset
1531 1708 1855 1790 nonnumquam
1886 1682 1992 1767 folia

328 1831 517 1915 invertit:
558 1830 618 1911 ita
659 1836 710 1909 ut
743 1852 852 1935 quae
885 1849 984 1934 pars
1019 1821 1193 1906 inferior
1221 1823 1315 1907 folii
1348 1835 1474 1910 antea
1504 1826 1643 1912 fuerat
1679 1831 1765 1913 iam
1800 1831 1989 1940 superior

329 1988 442 2062 esset
456 1987 480 2079 ¹,
522 1987 566 2059 et
598 1974 779 2058 duomm
811 1969 1013 2054 foliorum
1046 1969 1363 2055 cohaerentium
1402 1973 1506 2058 ordo
1541 1977 1670 2060 etiarn
1701 1979 1988 2077 inverteretur,

330 2154 460 2236 quum
487 2121 640 2206 folium
667 2116 776 2202 illud
799 2116 917 2229 quod
935 2115 1054 2227 prins
1074 2144 1170 2201 esse
1187 2116 1373 2204 debebat
1396 2124 1675 2233 posteriorem
1695 2124 1838 2207 locum
1861 2152 1989 2207 occu·

329 2283 459 2384 paret
499 2268 596 2352 Hoc
621 2275 767 2350 autem
792 2265 912 2348 hisce
936 2262 1053 2346 foliis
1078 2263 1253 2348 accidit:
1278 2277 1291 2349 1
1315 2276 1359 2352 et
1383 2279 1471 2368 vm,
1506 2280 1545 2351 ΙΙΙ
1566 2281 1610 2353 et
1631 2282 1691 2370 vt,
1720 2283 1761 2352 tX
1786 2282 1830 2353 et
1850 2283 1896 2370 X,
1914 2283 1988 2371 XX:

329 2421 494 2528 reliqua
524 2413 631 2497 folia
662 2413 892 2524 pristinum
917 2408 1110 2494 ordinem
1143 2423 1459 2498 conservarunt

481 2561 663 2674 Singula
688 2560 819 2673 igitur
844 2555 1006 2642 codicis
1030 2557 1136 2643 folia
1159 2559 1275 2645 hunc
1300 2563 1347 2644 in
1371 2561 1546 2646 modum
1573 2561 1874 2646 cohaerebant:

719 2728 742 2799 Ι.
820 2726 858 2797 ΙΙ.
949 2726 999 2797 111.
1076 2727 1129 2798 tv,
1208 2729 1243 2796 V.
1310 2728 1360 2797 Vi.
1414 2728 1476 2798 VH.
1542 2731 1620 2801 vul.

832 2829 1441 3135 Q

330 3301 481 3384 folium
502 3311 545 3381 1X
567 3310 785 3410 praeterea
804 3324 903 3381 cum
921 3296 1026 3380 folio
1046 3308 1076 3378 X
1098 3298 1373 3381 coniunctum
1396 3311 1496 3402 erat,
1522 3301 1686 3412 reliqna
1704 3330 1818 3404 vero,
1836 3300 1988 3384 folium

332 3447 497 3531 scilicet
515 3457 558 3528 Xl
584 3459 628 3530 et
654 3456 729 3547 XX,
754 3473 890 3555 quum
909 3444 1052 3526 minus
1071 3444 1182 3528 inter
1202 3472 1248 3528 se
1268 3445 1553 3551 cohaererent,
1578 3448 1743 3559 glutine
1765 3459 1990 3557 compacta

330 3593 542 3704 prioribus
567 3590 921 3703 adiungebantur.
960 3590 1120 3675 Eorum
1146 3602 1289 3676 autem
1315 3594 1625 3705 inscriptiones,
1651 3597 1791 3707 quoad
1818 3593 1988 3705 quidem

331 3774 357 3825 a
382 3753 500 3852 patre
526 3741 775 3851 investigari
799 3748 1008 3849 poterant,
1033 3748 1136 3823 sunt
1160 3750 1405 3852 sequentes:

382 3897 476 3971 soh!
509 3920 625 3996 quum
655 3895 802 3970 inverse
833 3904 1020 3994 utsupra
1052 3891 1214 3970 diximus
1237 3894 1456 3998 inscriptum
1481 3897 1546 3990 sit,
1573 3896 1740 3995 margine
1770 3895 1988 3970 inferiore

509 4031 606 4106 hanc
632 4030 862 4131 signaturam
887 4027 1054 4105 exhibet:
1088 4027 1356 4107 LICINIANI.

384 4171 448 4245 fol.
470 4173 537 4244 vm
563 4165 841 4267 inscriptionem
867 4165 1013 4241 nullam
1038 4163 1198 4242 exhibet

383 4306 447 4380 fol.
468 4298 508 4379 11⁶
538 4315 637 4378 recte
663 4313 871 4397 exaratum,
902 4301 1137 4403 superiore
1168 4304 1336 4405 margine
1367 4304 1495 4381 eodem
1527 4303 1676 4379 nomine
1702 4303 1890 4403 signatum
1917 4318 1986 4379 est:

365 4478 370 4488 ·
508 4435 774 4516 LICINIANI.
883 4548 886 4553 Ι

383 4576 447 4652 fol.
468 4581 521 4651 vn
548 4574 716 4677 margine
741 4574 928 4676 superiore
953 4571 1140 4675 signatum
1165 4569 1263 4646 LIB.
1285 4579 1416 4651 XXXV.

382 4711 448 4786 fol.
472 4717 508 4786 ΙΙΙ
550 4696 718 4813 margine
743 4708 916 4786 inferiore
1044 4752 1060 4766 ·
1207 4704 1476 4788 LICINIANI.

428 4900 460 4979 1)
484 4897 565 4959 Idem
584 4897 667 4959 etiam
692 4918 712 4959 a
727 4895 912 4981 ςιιιιιιιιιιιίοο
936 4903 1020 4955 antea
1039 4893 1145 4954 tactum
1166 4904 1223 4967 est:
1250 4917 1307 4977 qua
1332 4920 1367 4961 er
1387 4920 1472 4962 causa
1496 4901 1574 4962 haud
1600 4919 1665 4960 raro
1684 4901 1801 4978 accidit,
1826 4912 1858 4962 ut
1877 4903 1985 4963 litterae

335 4995 443 5075 primae
462 5003 548 5071 atque
567 4989 667 5050 tertiae
685 5010 785 5051 manus
805 4984 848 5069 (h.
864 5008 889 5049 e.
909 4984 1075 5049 Licinianus
1093 4993 1123 5048 et
1132 4985 1365 5071 (anyaostomus)
1383 5000 1468 5069 recte,
1487 4991 1596 5054 litterae
1615 5003 1710 5055 autem
1730 4993 1871 5055 secundae
1887 5016 1986 5056 manus

335 5084 559 5166 (grammaticus)
576 5082 686 5144 inverse
704 5086 825 5165 scriptae
841 5082 1028 5145 inveniantur.
