<?xml version="1.0" encoding="UTF-8"?>
<!DOCTYPE html PUBLIC "-//W3C//DTD XHTML 1.0 Transitional//EN"
    "http://www.w3.org/TR/xhtml1/DTD/xhtml1-transitional.dtd">
<html xmlns="http://www.w3.org/1999/xhtml" xml:lang="en" lang="en">
 <head>
  <title>
</title>
<meta http-equiv="Content-Type" content="text/html;charset=utf-8" />
  <meta name='ocr-system' content='tesseract 3.04.00' />
  <meta name='ocr-capabilities' content='ocr_page ocr_carea ocr_par ocr_line ocrx_word'/>
</head>
<body>
  <div class='ocr_page' id='page_1' title='image "annaliumquaesup00pertgoog_0028.png"; bbox 0 0 4644 6414; ppageno 0'>
   <div class='ocr_carea' id='block_1_1' title="bbox 882 724 1829 818">
    <p class='ocr_par' dir='ltr' id='par_1_1' title="bbox 882 724 1829 818">
     <span class='ocr_line' id='line_1_1' title="bbox 882 724 1829 818; baseline -0.005 -1"><span class='ocrx_word' id='word_1_1' title='bbox 882 756 1131 818; x_wconf 77' lang='lat' dir='ltr'>ruuarsrro.</span> <span class='ocrx_word' id='word_1_2' title='bbox 1744 724 1829 812; x_wconf 90' lang='lat' dir='ltr'>XV</span> 
     </span>
    </p>
   </div>
   <div class='ocr_carea' id='block_1_2' title="bbox 162 969 1827 5055">
    <p class='ocr_par' dir='ltr' id='par_1_2' title="bbox 171 969 1827 2401">
     <span class='ocr_line' id='line_1_2' title="bbox 174 969 1827 1084; baseline -0.004 -26"><span class='ocrx_word' id='word_1_3' title='bbox 174 975 257 1058; x_wconf 78' lang='grc'>676</span> <span class='ocrx_word' id='word_1_4' title='bbox 282 983 428 1083; x_wconf 88' lang='lat' dir='ltr'>gestas</span> <span class='ocrx_word' id='word_1_5' title='bbox 454 975 697 1084; x_wconf 77' lang='lat' dir='ltr'><strong>composuit</strong></span> <span class='ocrx_word' id='word_1_6' title='bbox 728 982 771 1056; x_wconf 87' lang='lat' dir='ltr'>st</span> <span class='ocrx_word' id='word_1_7' title='bbox 797 969 1044 1055; x_wconf 89' lang='lat' dir='ltr'>absolutum</span> <span class='ocrx_word' id='word_1_8' title='bbox 1077 970 1210 1056; x_wconf 88' lang='lat' dir='ltr'>fuisse</span> <span class='ocrx_word' id='word_1_9' title='bbox 1241 980 1284 1055; x_wconf 89' lang='lat' dir='ltr'>et</span> <span class='ocrx_word' id='word_1_10' title='bbox 1313 972 1477 1053; x_wconf 85' lang='lat' dir='ltr'>auctori</span> <span class='ocrx_word' id='word_1_11' title='bbox 1501 982 1647 1054; x_wconf 89' lang='lat' dir='ltr'>nostro</span> <span class='ocrx_word' id='word_1_12' title='bbox 1674 997 1827 1080; x_wconf 89' lang='lat' dir='ltr'>perno-</span> 
     </span>
     <span class='ocr_line' id='line_1_3' title="bbox 173 1114 1827 1229; baseline -0.003 -24"><span class='ocrx_word' id='word_1_13' title='bbox 173 1121 309 1205; x_wconf 89' lang='lat' dir='ltr'>tuisse</span> <span class='ocrx_word' id='word_1_14' title='bbox 322 1119 527 1229; x_wconf 85' lang='lat' dir='ltr'>sequitur</span> <span class='ocrx_word' id='word_1_15' title='bbox 553 1166 611 1182; x_wconf 90' lang='lat'>--</span> <span class='ocrx_word' id='word_1_16' title='bbox 644 1121 728 1203; x_wconf 90' lang='lat' dir='ltr'>nisi</span> <span class='ocrx_word' id='word_1_17' title='bbox 752 1118 863 1202; x_wconf 84' lang='lat' dir='ltr'>forte</span> <span class='ocrx_word' id='word_1_18' title='bbox 888 1114 1118 1223; x_wconf 79' lang='lat' dir='ltr'>Granium,</span> <span class='ocrx_word' id='word_1_19' title='bbox 1147 1145 1281 1229; x_wconf 90' lang='lat' dir='ltr'>quum</span> <span class='ocrx_word' id='word_1_20' title='bbox 1305 1118 1391 1200; x_wconf 89' lang='lat' dir='ltr'>iam</span> <span class='ocrx_word' id='word_1_21' title='bbox 1416 1123 1543 1198; x_wconf 86' lang='lat' dir='ltr'>antea</span> <span class='ocrx_word' id='word_1_22' title='bbox 1567 1142 1675 1226; x_wconf 92' lang='lat' dir='ltr'>opus</span> <span class='ocrx_word' id='word_1_23' title='bbox 1703 1144 1827 1200; x_wconf 88' lang='lat' dir='ltr'>suum</span> 
     </span>
     <span class='ocr_line' id='line_1_4' title="bbox 173 1262 1825 1375; baseline -0.002 -25"><span class='ocrx_word' id='word_1_24' title='bbox 173 1267 519 1375; x_wconf 81' lang='lat' dir='ltr'>conscripsisset,</span> <span class='ocrx_word' id='word_1_25' title='bbox 553 1264 732 1351; x_wconf 81' lang='lat' dir='ltr'>Sallusti</span> <span class='ocrx_word' id='word_1_26' title='bbox 756 1266 1017 1348; x_wconf 83' lang='lat' dir='ltr'>mentionem</span> <span class='ocrx_word' id='word_1_27' title='bbox 1040 1274 1193 1374; x_wconf 86' lang='lat' dir='ltr'>postea</span> <span class='ocrx_word' id='word_1_28' title='bbox 1216 1265 1414 1349; x_wconf 88' lang='lat' dir='ltr'>intulisse</span> <span class='ocrx_word' id='word_1_29' title='bbox 1440 1262 1712 1346; x_wconf 76' lang='lat' dir='ltr'>staurendum</span> <span class='ocrx_word' id='word_1_30' title='bbox 1737 1266 1825 1346; x_wconf 90' lang='lat' dir='ltr'>erit.</span> 
     </span>
     <span class='ocr_line' id='line_1_5' title="bbox 172 1409 1825 1523; baseline -0.001 -27"><span class='ocrx_word' id='word_1_31' title='bbox 172 1409 293 1516; x_wconf 80' lang='lat' dir='ltr'>Quae</span> <span class='ocrx_word' id='word_1_32' title='bbox 318 1421 417 1496; x_wconf 89' lang='lat' dir='ltr'>utut</span> <span class='ocrx_word' id='word_1_33' title='bbox 444 1439 490 1495; x_wconf 92' lang='lat' dir='ltr'>se</span> <span class='ocrx_word' id='word_1_34' title='bbox 516 1411 694 1519; x_wconf 90' lang='lat' dir='ltr'>habent,</span> <span class='ocrx_word' id='word_1_35' title='bbox 726 1423 871 1498; x_wconf 87' lang='lat' dir='ltr'>tamen</span> <span class='ocrx_word' id='word_1_36' title='bbox 893 1413 1167 1523; x_wconf 89' lang='lat' dir='ltr'>perspicuum</span> <span class='ocrx_word' id='word_1_37' title='bbox 1193 1421 1277 1517; x_wconf 90' lang='lat' dir='ltr'>est,</span> <span class='ocrx_word' id='word_1_38' title='bbox 1301 1411 1493 1495; x_wconf 84' lang='lat' dir='ltr'>Annales</span> <span class='ocrx_word' id='word_1_39' title='bbox 1518 1421 1688 1494; x_wconf 86' lang='lat' dir='ltr'>nostros</span> <span class='ocrx_word' id='word_1_40' title='bbox 1715 1422 1825 1494; x_wconf 86' lang='lat' dir='ltr'>certe</span> 
     </span>
     <span class='ocr_line' id='line_1_6' title="bbox 172 1554 1826 1669; baseline -0.002 -25"><span class='ocrx_word' id='word_1_41' title='bbox 172 1589 275 1644; x_wconf 92' lang='lat' dir='ltr'>non</span> <span class='ocrx_word' id='word_1_42' title='bbox 299 1568 421 1643; x_wconf 88' lang='lat' dir='ltr'>ante</span> <span class='ocrx_word' id='word_1_43' title='bbox 447 1587 637 1643; x_wconf 89' lang='lat' dir='ltr'>annum</span> <span class='ocrx_word' id='word_1_44' title='bbox 663 1588 700 1644; x_wconf 87' lang='lat' dir='ltr'>a.</span> <span class='ocrx_word' id='word_1_45' title='bbox 726 1558 777 1644; x_wconf 90' lang='lat' dir='ltr'>U.</span> <span class='ocrx_word' id='word_1_46' title='bbox 804 1586 840 1641; x_wconf 87' lang='lat' dir='ltr'>c.</span> <span class='ocrx_word' id='word_1_47' title='bbox 863 1560 948 1640; x_wconf 77' lang='lat'>714</span> <span class='ocrx_word' id='word_1_48' title='bbox 969 1559 1053 1642; x_wconf 88' lang='lat' dir='ltr'>vel</span> <span class='ocrx_word' id='word_1_49' title='bbox 1079 1561 1163 1643; x_wconf 77' lang='lat'>715</span> <span class='ocrx_word' id='word_1_50' title='bbox 1188 1557 1243 1669; x_wconf 87' lang='lat' dir='ltr'>(a</span> <span class='ocrx_word' id='word_1_51' title='bbox 1269 1554 1367 1643; x_wconf 84' lang='lat' dir='ltr'>Chr.</span> <span class='ocrx_word' id='word_1_52' title='bbox 1380 1559 1437 1641; x_wconf 88' lang='lat'>40</span> <span class='ocrx_word' id='word_1_53' title='bbox 1461 1555 1531 1639; x_wconf 88' lang='lat' dir='ltr'>vel</span> <span class='ocrx_word' id='word_1_54' title='bbox 1555 1555 1645 1667; x_wconf 87' lang='grc'>39),</span> <span class='ocrx_word' id='word_1_55' title='bbox 1673 1558 1826 1643; x_wconf 88' lang='lat' dir='ltr'>confici</span> 
     </span>
     <span class='ocr_line' id='line_1_7' title="bbox 171 1702 1825 1817; baseline -0.002 -27"><span class='ocrx_word' id='word_1_56' title='bbox 171 1707 385 1815; x_wconf 88' lang='lat' dir='ltr'>potuisse,</span> <span class='ocrx_word' id='word_1_57' title='bbox 420 1733 505 1817; x_wconf 91' lang='lat' dir='ltr'>quo</span> <span class='ocrx_word' id='word_1_58' title='bbox 531 1716 721 1816; x_wconf 89' lang='lat' dir='ltr'>tempore</span> <span class='ocrx_word' id='word_1_59' title='bbox 754 1702 982 1789; x_wconf 79' lang='lat' dir='ltr'>Sallustius</span> <span class='ocrx_word' id='word_1_60' title='bbox 1007 1704 1221 1790; x_wconf 80' lang='lat' dir='ltr'>Historias</span> <span class='ocrx_word' id='word_1_61' title='bbox 1256 1703 1439 1789; x_wconf 87' lang='lat' dir='ltr'>scribere</span> <span class='ocrx_word' id='word_1_62' title='bbox 1464 1731 1694 1814; x_wconf 83' lang='lat' dir='ltr'>aggressus</span> <span class='ocrx_word' id='word_1_63' title='bbox 1717 1704 1825 1810; x_wconf 87' lang='lat' dir='ltr'>est¹;</span> 
     </span>
     <span class='ocr_line' id='line_1_8' title="bbox 172 1849 1823 1964; baseline -0.002 -28"><span class='ocrx_word' id='word_1_64' title='bbox 172 1854 276 1963; x_wconf 91' lang='lat' dir='ltr'>quin</span> <span class='ocrx_word' id='word_1_65' title='bbox 308 1854 437 1936; x_wconf 89' lang='lat' dir='ltr'>etiam</span> <span class='ocrx_word' id='word_1_66' title='bbox 468 1854 557 1936; x_wconf 87' lang='lat' dir='ltr'>veri</span> <span class='ocrx_word' id='word_1_67' title='bbox 582 1852 764 1937; x_wconf 90' lang='lat' dir='ltr'>similius</span> <span class='ocrx_word' id='word_1_68' title='bbox 789 1849 974 1956; x_wconf 88' lang='lat' dir='ltr'>videtur,</span> <span class='ocrx_word' id='word_1_69' title='bbox 1005 1878 1081 1937; x_wconf 84' lang='lat' dir='ltr'>eos</span> <span class='ocrx_word' id='word_1_70' title='bbox 1115 1852 1281 1964; x_wconf 89' lang='lat' dir='ltr'>aliquot</span> <span class='ocrx_word' id='word_1_71' title='bbox 1313 1851 1465 1934; x_wconf 90' lang='lat' dir='ltr'>saltem</span> <span class='ocrx_word' id='word_1_72' title='bbox 1500 1879 1636 1935; x_wconf 87' lang='lat' dir='ltr'>annos</span> <span class='ocrx_word' id='word_1_73' title='bbox 1662 1861 1823 1960; x_wconf 88' lang='lat' dir='ltr'>postea,</span> 
     </span>
     <span class='ocr_line' id='line_1_9' title="bbox 172 1992 1824 2111; baseline -0.004 -28"><span class='ocrx_word' id='word_1_74' title='bbox 172 2009 217 2083; x_wconf 88' lang='lat' dir='ltr'>et</span> <span class='ocrx_word' id='word_1_75' title='bbox 242 2000 424 2085; x_wconf 89' lang='lat' dir='ltr'>fortasse</span> <span class='ocrx_word' id='word_1_76' title='bbox 450 2001 580 2084; x_wconf 90' lang='lat' dir='ltr'>etiam</span> <span class='ocrx_word' id='word_1_77' title='bbox 602 2008 702 2111; x_wconf 91' lang='lat' dir='ltr'>post</span> <span class='ocrx_word' id='word_1_78' title='bbox 724 2009 904 2082; x_wconf 88' lang='lat' dir='ltr'>mortem</span> <span class='ocrx_word' id='word_1_79' title='bbox 919 1996 1108 2103; x_wconf 83' lang='lat' dir='ltr'>Sallusti,</span> <span class='ocrx_word' id='word_1_80' title='bbox 1135 2001 1225 2082; x_wconf 87' lang='lat' dir='ltr'>sive</span> <span class='ocrx_word' id='word_1_81' title='bbox 1249 2007 1351 2108; x_wconf 88' lang='lat' dir='ltr'>post</span> <span class='ocrx_word' id='word_1_82' title='bbox 1376 2026 1536 2082; x_wconf 90' lang='lat' dir='ltr'>annum</span> <span class='ocrx_word' id='word_1_83' title='bbox 1560 2029 1596 2082; x_wconf 88' lang='lat' dir='ltr'>a</span> <span class='ocrx_word' id='word_1_84' title='bbox 1616 1998 1667 2082; x_wconf 91' lang='lat' dir='ltr'>U.</span> <span class='ocrx_word' id='word_1_85' title='bbox 1682 1992 1729 2080; x_wconf 83' lang='lat' dir='ltr'>O.</span> <span class='ocrx_word' id='word_1_86' title='bbox 1744 1999 1824 2078; x_wconf 78' lang='lat'>720</span> 
     </span>
     <span class='ocr_line' id='line_1_10' title="bbox 171 2143 1823 2259; baseline -0.004 -28"><span class='ocrx_word' id='word_1_87' title='bbox 171 2146 234 2257; x_wconf 86' lang='lat' dir='ltr'>(a.</span> <span class='ocrx_word' id='word_1_88' title='bbox 264 2143 365 2232; x_wconf 83' lang='lat' dir='ltr'>Chr.</span> <span class='ocrx_word' id='word_1_89' title='bbox 389 2176 432 2230; x_wconf 91' lang='lat' dir='ltr'>n.</span> <span class='ocrx_word' id='word_1_90' title='bbox 455 2144 551 2259; x_wconf 84' lang='lat'>35),</span> <span class='ocrx_word' id='word_1_91' title='bbox 584 2145 781 2229; x_wconf 86' lang='lat' dir='ltr'>conditos</span> <span class='ocrx_word' id='word_1_92' title='bbox 810 2144 962 2250; x_wconf 85' lang='lat' dir='ltr'>fuisse,</span> <span class='ocrx_word' id='word_1_93' title='bbox 995 2147 1077 2229; x_wconf 87' lang='lat' dir='ltr'>etsi</span> <span class='ocrx_word' id='word_1_94' title='bbox 1108 2144 1239 2230; x_wconf 89' lang='lat' dir='ltr'>verba</span> <span class='ocrx_word' id='word_1_95' title='bbox 1268 2144 1499 2229; x_wconf 91' lang='lat' dir='ltr'>Liciniani:</span> <span class='ocrx_word' id='word_1_96' title='bbox 1536 2145 1698 2229; x_wconf 79' lang='lat' dir='ltr'>Sallusti</span> <span class='ocrx_word' id='word_1_97' title='bbox 1730 2171 1823 2251; x_wconf 77' lang='lat' dir='ltr'>opus</span> 
     </span>
     <span class='ocr_line' id='line_1_11' title="bbox 171 2291 1515 2401; baseline 0 -25"><span class='ocrx_word' id='word_1_98' title='bbox 171 2293 278 2376; x_wconf 63' lang='lat' dir='ltr'>notet</span> <span class='ocrx_word' id='word_1_99' title='bbox 304 2294 469 2377; x_wconf 77' lang='lat' dir='ltr'>occurrit</span> <span class='ocrx_word' id='word_1_100' title='bbox 494 2302 657 2377; x_wconf 85' lang='lat' dir='ltr'>certum</span> <span class='ocrx_word' id='word_1_101' title='bbox 681 2293 886 2401; x_wconf 88' lang='lat' dir='ltr'>temporis</span> <span class='ocrx_word' id='word_1_102' title='bbox 911 2300 1175 2376; x_wconf 89' lang='lat' dir='ltr'>momentum</span> <span class='ocrx_word' id='word_1_103' title='bbox 1199 2321 1288 2376; x_wconf 92' lang='lat' dir='ltr'>non</span> <span class='ocrx_word' id='word_1_104' title='bbox 1313 2291 1515 2376; x_wconf 87' lang='lat' dir='ltr'>indicant.</span> 
     </span>
    </p>

    <p class='ocr_par' dir='ltr' id='par_1_3' title="bbox 162 2436 1823 5055">
     <span class='ocr_line' id='line_1_12' title="bbox 321 2436 1823 2551; baseline -0.007 -28"><span class='ocrx_word' id='word_1_105' title='bbox 321 2436 503 2524; x_wconf 81' lang='lat' dir='ltr'>Constat</span> <span class='ocrx_word' id='word_1_106' title='bbox 526 2440 657 2551; x_wconf 87' lang='lat' dir='ltr'>igitur</span> <span class='ocrx_word' id='word_1_107' title='bbox 681 2437 890 2545; x_wconf 84' lang='lat' dir='ltr'>Annales,</span> <span class='ocrx_word' id='word_1_108' title='bbox 913 2438 966 2522; x_wconf 93' lang='lat' dir='ltr'>de</span> <span class='ocrx_word' id='word_1_109' title='bbox 993 2438 1149 2550; x_wconf 92' lang='lat' dir='ltr'>quibus</span> <span class='ocrx_word' id='word_1_110' title='bbox 1175 2439 1361 2548; x_wconf 86' lang='lat' dir='ltr'>agimus,</span> <span class='ocrx_word' id='word_1_111' title='bbox 1385 2449 1486 2550; x_wconf 89' lang='lat' dir='ltr'>post</span> <span class='ocrx_word' id='word_1_112' title='bbox 1512 2437 1689 2524; x_wconf 89' lang='lat' dir='ltr'>Sallusti</span> <span class='ocrx_word' id='word_1_113' title='bbox 1714 2459 1823 2543; x_wconf 90' lang='lat' dir='ltr'>opus</span> 
     </span>
     <span class='ocr_line' id='line_1_13' title="bbox 170 2585 1822 2698; baseline -0.008 -24"><span class='ocrx_word' id='word_1_114' title='bbox 170 2589 308 2674; x_wconf 87' lang='lat' dir='ltr'>editos</span> <span class='ocrx_word' id='word_1_115' title='bbox 339 2587 491 2693; x_wconf 88' lang='lat' dir='ltr'>fuisse;</span> <span class='ocrx_word' id='word_1_116' title='bbox 523 2614 662 2698; x_wconf 91' lang='lat' dir='ltr'>neque</span> <span class='ocrx_word' id='word_1_117' title='bbox 693 2614 793 2669; x_wconf 86' lang='lat' dir='ltr'>vcro</span> <span class='ocrx_word' id='word_1_118' title='bbox 826 2586 1081 2669; x_wconf 82' lang='lat' dir='ltr'>recentiores</span> <span class='ocrx_word' id='word_1_119' title='bbox 1115 2613 1209 2671; x_wconf 90' lang='lat' dir='ltr'>csse</span> <span class='ocrx_word' id='word_1_120' title='bbox 1242 2616 1370 2698; x_wconf 88' lang='lat' dir='ltr'>quam</span> <span class='ocrx_word' id='word_1_121' title='bbox 1396 2586 1521 2672; x_wconf 88' lang='lat' dir='ltr'>Titus</span> <span class='ocrx_word' id='word_1_122' title='bbox 1553 2585 1701 2668; x_wconf 90' lang='lat' dir='ltr'>Livius</span> <span class='ocrx_word' id='word_1_123' title='bbox 1736 2589 1822 2661; x_wconf 84' lang='lat' dir='ltr'>sta-</span> 
     </span>
     <span class='ocr_line' id='line_1_14' title="bbox 169 2731 1821 2844; baseline -0.005 -28"><span class='ocrx_word' id='word_1_124' title='bbox 169 2731 317 2816; x_wconf 89' lang='lat' dir='ltr'>tuendi</span> <span class='ocrx_word' id='word_1_125' title='bbox 343 2742 455 2817; x_wconf 89' lang='lat' dir='ltr'>sunt.</span> <span class='ocrx_word' id='word_1_126' title='bbox 504 2732 618 2817; x_wconf 89' lang='lat' dir='ltr'>Nam</span> <span class='ocrx_word' id='word_1_127' title='bbox 643 2742 688 2818; x_wconf 90' lang='lat' dir='ltr'>et</span> <span class='ocrx_word' id='word_1_128' title='bbox 714 2732 851 2837; x_wconf 88' lang='lat' dir='ltr'>stilus,</span> <span class='ocrx_word' id='word_1_129' title='bbox 878 2732 960 2816; x_wconf 88' lang='lat' dir='ltr'>etsi</span> <span class='ocrx_word' id='word_1_130' title='bbox 984 2732 1176 2844; x_wconf 85' lang='lat' dir='ltr'>vigorem</span> <span class='ocrx_word' id='word_1_131' title='bbox 1201 2732 1332 2817; x_wconf 85' lang='lat' dir='ltr'>habet</span> <span class='ocrx_word' id='word_1_132' title='bbox 1358 2744 1402 2818; x_wconf 89' lang='lat' dir='ltr'>et</span> <span class='ocrx_word' id='word_1_133' title='bbox 1426 2731 1689 2818; x_wconf 77' lang='lat' dir='ltr'>iucunditate</span> <span class='ocrx_word' id='word_1_134' title='bbox 1717 2755 1821 2840; x_wconf 92' lang='lat' dir='ltr'>qua-</span> 
     </span>
     <span class='ocr_line' id='line_1_15' title="bbox 170 2874 1820 2991; baseline -0.004 -29"><span class='ocrx_word' id='word_1_135' title='bbox 170 2879 499 2991; x_wconf 84' lang='lat' dir='ltr'>damimpletus</span> <span class='ocrx_word' id='word_1_136' title='bbox 526 2891 603 2986; x_wconf 88' lang='lat' dir='ltr'>est,</span> <span class='ocrx_word' id='word_1_137' title='bbox 628 2882 874 2991; x_wconf 89' lang='lat' dir='ltr'>incomptus</span> <span class='ocrx_word' id='word_1_138' title='bbox 899 2889 1044 2964; x_wconf 85' lang='lat' dir='ltr'>tamen</span> <span class='ocrx_word' id='word_1_139' title='bbox 1068 2888 1197 2990; x_wconf 87' lang='lat' dir='ltr'>atque</span> <span class='ocrx_word' id='word_1_140' title='bbox 1222 2879 1374 2966; x_wconf 86' lang='lat' dir='ltr'>durus:</span> <span class='ocrx_word' id='word_1_141' title='bbox 1399 2884 1461 2966; x_wconf 85' lang='lat' dir='ltr'>ita</span> <span class='ocrx_word' id='word_1_142' title='bbox 1483 2891 1532 2964; x_wconf 90' lang='lat' dir='ltr'>ut</span> <span class='ocrx_word' id='word_1_143' title='bbox 1557 2877 1671 2963; x_wconf 89' lang='lat' dir='ltr'>haud</span> <span class='ocrx_word' id='word_1_144' title='bbox 1696 2874 1820 2959; x_wconf 88' lang='lat' dir='ltr'>facile</span> 
     </span>
     <span class='ocr_line' id='line_1_16' title="bbox 169 3024 1821 3138; baseline -0.004 -30"><span class='ocrx_word' id='word_1_145' title='bbox 169 3024 284 3108; x_wconf 88' lang='lat' dir='ltr'>credi</span> <span class='ocrx_word' id='word_1_146' title='bbox 307 3028 456 3136; x_wconf 88' lang='lat' dir='ltr'>possit,</span> <span class='ocrx_word' id='word_1_147' title='bbox 482 3025 618 3112; x_wconf 80' lang='lat' dir='ltr'>Grani</span> <span class='ocrx_word' id='word_1_148' title='bbox 642 3025 794 3131; x_wconf 87' lang='lat' dir='ltr'>libros,</span> <span class='ocrx_word' id='word_1_149' title='bbox 826 3037 927 3138; x_wconf 89' lang='lat' dir='ltr'>post</span> <span class='ocrx_word' id='word_1_150' title='bbox 950 3026 1122 3115; x_wconf 88' lang='lat' dir='ltr'>Livium</span> <span class='ocrx_word' id='word_1_151' title='bbox 1147 3027 1303 3134; x_wconf 84' lang='lat' dir='ltr'>editos,</span> <span class='ocrx_word' id='word_1_152' title='bbox 1333 3027 1405 3112; x_wconf 89' lang='lat' dir='ltr'>vel</span> <span class='ocrx_word' id='word_1_153' title='bbox 1429 3053 1563 3110; x_wconf 92' lang='lat' dir='ltr'>unum</span> <span class='ocrx_word' id='word_1_154' title='bbox 1588 3025 1821 3109; x_wconf 85' lang='lat' dir='ltr'>alterumve</span> 
     </span>
     <span class='ocr_line' id='line_1_17' title="bbox 167 3171 1822 3295; baseline -0.004 -39"><span class='ocrx_word' id='word_1_155' title='bbox 167 3171 373 3295; x_wconf 70' lang='lat' dir='ltr'>lectorem</span> <span class='ocrx_word' id='word_1_156' title='bbox 405 3173 489 3258; x_wconf 88' lang='lat' dir='ltr'>sibi</span> <span class='ocrx_word' id='word_1_157' title='bbox 522 3183 840 3285; x_wconf 74' lang='lat' dir='ltr'>comparatuos</span> <span class='ocrx_word' id='word_1_158' title='bbox 875 3173 1019 3260; x_wconf 70' lang='lat' dir='ltr'>finisse.</span> <span class='ocrx_word' id='word_1_159' title='bbox 1076 3173 1275 3280; x_wconf 83' lang='lat' dir='ltr'>Accedit,</span> <span class='ocrx_word' id='word_1_160' title='bbox 1316 3174 1571 3287; x_wconf 82' lang='lat' dir='ltr'>quadratio</span> <span class='ocrx_word' id='word_1_161' title='bbox 1603 3172 1698 3276; x_wconf 90' lang='lat' dir='ltr'>illa,</span> <span class='ocrx_word' id='word_1_162' title='bbox 1738 3197 1822 3278; x_wconf 87' lang='lat' dir='ltr'>qua</span> 
     </span>
     <span class='ocr_line' id='line_1_18' title="bbox 167 3317 1818 3434; baseline -0.004 -31"><span class='ocrx_word' id='word_1_163' title='bbox 167 3317 356 3404; x_wconf 84' lang='lat' dir='ltr'>Granius</span> <span class='ocrx_word' id='word_1_164' title='bbox 380 3331 527 3404; x_wconf 91' lang='lat' dir='ltr'>noster</span> <span class='ocrx_word' id='word_1_165' title='bbox 549 3321 595 3404; x_wconf 93' lang='lat' dir='ltr'>in</span> <span class='ocrx_word' id='word_1_166' title='bbox 620 3320 799 3405; x_wconf 87' lang='lat' dir='ltr'>historia</span> <span class='ocrx_word' id='word_1_167' title='bbox 819 3321 1127 3414; x_wconf 87' lang='lat' dir='ltr'>conscribenda</span> <span class='ocrx_word' id='word_1_168' title='bbox 1151 3324 1285 3406; x_wconf 88' lang='lat' dir='ltr'>utitur</span> <span class='ocrx_word' id='word_1_169' title='bbox 1305 3351 1356 3408; x_wconf 92' lang='lat' dir='ltr'>ea</span> <span class='ocrx_word' id='word_1_170' title='bbox 1380 3331 1458 3426; x_wconf 87' lang='lat' dir='ltr'>cst,</span> <span class='ocrx_word' id='word_1_171' title='bbox 1485 3348 1593 3434; x_wconf 85' lang='lat' dir='ltr'>quac</span> <span class='ocrx_word' id='word_1_172' title='bbox 1618 3346 1706 3402; x_wconf 92' lang='lat' dir='ltr'>non</span> <span class='ocrx_word' id='word_1_173' title='bbox 1731 3327 1818 3398; x_wconf 87' lang='lat' dir='ltr'>tam</span> 
     </span>
     <span class='ocr_line' id='line_1_19' title="bbox 168 3467 1819 3582; baseline -0.005 -30"><span class='ocrx_word' id='word_1_174' title='bbox 168 3495 319 3552; x_wconf 86' lang='lat' dir='ltr'>causas</span> <span class='ocrx_word' id='word_1_175' title='bbox 346 3477 390 3550; x_wconf 88' lang='lat' dir='ltr'>et</span> <span class='ocrx_word' id='word_1_176' title='bbox 414 3476 593 3551; x_wconf 89' lang='lat' dir='ltr'>eventus</span> <span class='ocrx_word' id='word_1_177' title='bbox 617 3496 758 3552; x_wconf 88' lang='lat' dir='ltr'>rerum</span> <span class='ocrx_word' id='word_1_178' title='bbox 782 3479 1000 3580; x_wconf 87' lang='lat' dir='ltr'>gestarum</span> <span class='ocrx_word' id='word_1_179' title='bbox 1024 3470 1212 3581; x_wconf 85' lang='lat' dir='ltr'>explicat</span> <span class='ocrx_word' id='word_1_180' title='bbox 1230 3497 1388 3582; x_wconf 79' lang='lat' dir='ltr'>easque</span> <span class='ocrx_word' id='word_1_181' title='bbox 1408 3467 1644 3553; x_wconf 86' lang='lat' dir='ltr'>secundum</span> <span class='ocrx_word' id='word_1_182' title='bbox 1663 3491 1819 3548; x_wconf 82' lang='lat' dir='ltr'>nexum</span> 
     </span>
     <span class='ocr_line' id='line_1_20' title="bbox 168 3610 1819 3729; baseline -0.002 -32"><span class='ocrx_word' id='word_1_183' title='bbox 168 3617 243 3724; x_wconf 92' lang='lat' dir='ltr'>qui</span> <span class='ocrx_word' id='word_1_184' title='bbox 276 3612 501 3697; x_wconf 88' lang='lat' dir='ltr'>intercedit</span> <span class='ocrx_word' id='word_1_185' title='bbox 531 3615 735 3699; x_wconf 90' lang='lat' dir='ltr'>continua</span> <span class='ocrx_word' id='word_1_186' title='bbox 759 3617 949 3701; x_wconf 89' lang='lat' dir='ltr'>oratioue</span> <span class='ocrx_word' id='word_1_187' title='bbox 979 3615 1222 3728; x_wconf 88' lang='lat' dir='ltr'>legentibus</span> <span class='ocrx_word' id='word_1_188' title='bbox 1247 3618 1441 3729; x_wconf 83' lang='lat' dir='ltr'>exponit,</span> <span class='ocrx_word' id='word_1_189' title='bbox 1472 3643 1601 3727; x_wconf 89' lang='lat' dir='ltr'>quam</span> <span class='ocrx_word' id='word_1_190' title='bbox 1628 3610 1819 3723; x_wconf 83' lang='lat' dir='ltr'>singulas</span> 
     </span>
     <span class='ocr_line' id='line_1_21' title="bbox 168 3759 1820 3871; baseline -0.002 -27"><span class='ocrx_word' id='word_1_191' title='bbox 168 3789 246 3871; x_wconf 88' lang='lat' dir='ltr'>pro</span> <span class='ocrx_word' id='word_1_192' title='bbox 270 3771 463 3871; x_wconf 86' lang='lat' dir='ltr'>tempore</span> <span class='ocrx_word' id='word_1_193' title='bbox 489 3788 575 3870; x_wconf 91' lang='lat' dir='ltr'>quo</span> <span class='ocrx_word' id='word_1_194' title='bbox 600 3771 876 3871; x_wconf 84' lang='lat' dir='ltr'>gestae-sunt</span> <span class='ocrx_word' id='word_1_195' title='bbox 900 3765 991 3849; x_wconf 89' lang='lat' dir='ltr'>suis</span> <span class='ocrx_word' id='word_1_196' title='bbox 1016 3765 1140 3849; x_wconf 85' lang='lat' dir='ltr'>annis</span> <span class='ocrx_word' id='word_1_197' title='bbox 1164 3763 1394 3871; x_wconf 86' lang='lat' dir='ltr'>distribuit,</span> <span class='ocrx_word' id='word_1_198' title='bbox 1420 3765 1483 3848; x_wconf 91' lang='lat' dir='ltr'>ita</span> <span class='ocrx_word' id='word_1_199' title='bbox 1502 3771 1552 3846; x_wconf 91' lang='lat' dir='ltr'>ut</span> <span class='ocrx_word' id='word_1_200' title='bbox 1570 3789 1658 3845; x_wconf 93' lang='lat' dir='ltr'>non</span> <span class='ocrx_word' id='word_1_201' title='bbox 1670 3759 1820 3842; x_wconf 90' lang='lat' dir='ltr'>Histo-</span> 
     </span>
     <span class='ocr_line' id='line_1_22' title="bbox 167 3905 1819 4022; baseline -0.002 -31"><span class='ocrx_word' id='word_1_202' title='bbox 167 3910 252 3991; x_wconf 87' lang='lat' dir='ltr'>rias</span> <span class='ocrx_word' id='word_1_203' title='bbox 278 3907 354 3991; x_wconf 90' lang='lat' dir='ltr'>scd</span> <span class='ocrx_word' id='word_1_204' title='bbox 379 3905 570 3990; x_wconf 79' lang='lat' dir='ltr'>Amalec</span> <span class='ocrx_word' id='word_1_205' title='bbox 602 3910 747 4018; x_wconf 89' lang='lat' dir='ltr'>potius</span> <span class='ocrx_word' id='word_1_206' title='bbox 773 3911 1080 4022; x_wconf 86' lang='lat' dir='ltr'>conscripsisse</span> <span class='ocrx_word' id='word_1_207' title='bbox 1103 3920 1250 3995; x_wconf 89' lang='lat' dir='ltr'>noster</span> <span class='ocrx_word' id='word_1_208' title='bbox 1271 3910 1524 3996; x_wconf 85' lang='lat' dir='ltr'>iudicandus</span> <span class='ocrx_word' id='word_1_209' title='bbox 1551 3911 1617 3994; x_wconf 91' lang='lat' dir='ltr'>sit.</span> <span class='ocrx_word' id='word_1_210' title='bbox 1658 3906 1819 3990; x_wconf 83' lang='lat' dir='ltr'>Eadem</span> 
     </span>
     <span class='ocr_line' id='line_1_23' title="bbox 167 4054 1819 4170; baseline -0.001 -32"><span class='ocrx_word' id='word_1_211' title='bbox 167 4082 267 4139; x_wconf 89' lang='lat' dir='ltr'>vero</span> <span class='ocrx_word' id='word_1_212' title='bbox 293 4055 457 4140; x_wconf 88' lang='lat' dir='ltr'>ratione</span> <span class='ocrx_word' id='word_1_213' title='bbox 482 4064 601 4138; x_wconf 89' lang='lat' dir='ltr'>ante</span> <span class='ocrx_word' id='word_1_214' title='bbox 625 4054 815 4164; x_wconf 89' lang='lat' dir='ltr'>Livium,</span> <span class='ocrx_word' id='word_1_215' title='bbox 847 4061 886 4143; x_wconf 89' lang='lat' dir='ltr'>si</span> <span class='ocrx_word' id='word_1_216' title='bbox 910 4056 1161 4143; x_wconf 88' lang='lat' dir='ltr'>Sallustium</span> <span class='ocrx_word' id='word_1_217' title='bbox 1194 4087 1294 4143; x_wconf 87' lang='lat' dir='ltr'>cum</span> <span class='ocrx_word' id='word_1_218' title='bbox 1319 4058 1416 4142; x_wconf 90' lang='lat' dir='ltr'>aliis</span> <span class='ocrx_word' id='word_1_219' title='bbox 1447 4058 1595 4170; x_wconf 87' lang='lat' dir='ltr'>paucis</span> <span class='ocrx_word' id='word_1_220' title='bbox 1622 4055 1819 4165; x_wconf 86' lang='lat' dir='ltr'>excipias,</span> 
     </span>
     <span class='ocr_line' id='line_1_24' title="bbox 162 4200 1819 4317; baseline -0.001 -31"><span class='ocrx_word' id='word_1_221' title='bbox 162 4202 361 4287; x_wconf 87' lang='lat' dir='ltr'>historici</span> <span class='ocrx_word' id='word_1_222' title='bbox 385 4200 662 4288; x_wconf 74' lang='lat' dir='ltr'>Romanitas</span> <span class='ocrx_word' id='word_1_223' title='bbox 686 4214 833 4315; x_wconf 89' lang='lat' dir='ltr'>gestas</span> <span class='ocrx_word' id='word_1_224' title='bbox 856 4205 1008 4317; x_wconf 88' lang='lat' dir='ltr'>populi</span> <span class='ocrx_word' id='word_1_225' title='bbox 1033 4230 1183 4291; x_wconf 87' lang='lat' dir='ltr'>omnes</span> <span class='ocrx_word' id='word_1_226' title='bbox 1207 4214 1459 4290; x_wconf 86' lang='lat' dir='ltr'>tractavero:</span> <span class='ocrx_word' id='word_1_227' title='bbox 1490 4230 1718 4315; x_wconf 84' lang='lat' dir='ltr'>quamnam</span> <span class='ocrx_word' id='word_1_228' title='bbox 1743 4231 1819 4286; x_wconf 89' lang='lat' dir='ltr'>au-</span> 
     </span>
     <span class='ocr_line' id='line_1_25' title="bbox 166 4347 1818 4465; baseline -0.001 -31"><span class='ocrx_word' id='word_1_229' title='bbox 166 4361 256 4434; x_wconf 90' lang='lat' dir='ltr'>tem</span> <span class='ocrx_word' id='word_1_230' title='bbox 289 4358 415 4461; x_wconf 89' lang='lat' dir='ltr'>putas</span> <span class='ocrx_word' id='word_1_231' title='bbox 449 4347 658 4432; x_wconf 86' lang='lat' dir='ltr'>lectorum</span> <span class='ocrx_word' id='word_1_232' title='bbox 697 4363 819 4460; x_wconf 90' lang='lat' dir='ltr'>post</span> <span class='ocrx_word' id='word_1_233' title='bbox 850 4352 1021 4438; x_wconf 87' lang='lat' dir='ltr'>Livium</span> <span class='ocrx_word' id='word_1_234' title='bbox 1058 4363 1148 4437; x_wconf 89' lang='lat' dir='ltr'>tam</span> <span class='ocrx_word' id='word_1_235' title='bbox 1180 4351 1336 4463; x_wconf 86' lang='lat' dir='ltr'>frigido</span> <span class='ocrx_word' id='word_1_236' title='bbox 1369 4352 1553 4465; x_wconf 85' lang='lat' dir='ltr'>exiliquc</span> <span class='ocrx_word' id='word_1_237' title='bbox 1586 4378 1712 4462; x_wconf 90' lang='lat' dir='ltr'>opere</span> <span class='ocrx_word' id='word_1_238' title='bbox 1745 4349 1818 4432; x_wconf 91' lang='lat' dir='ltr'>de-</span> 
     </span>
     <span class='ocr_line' id='line_1_26' title="bbox 166 4491 1820 4612; baseline -0.001 -32"><span class='ocrx_word' id='word_1_239' title='bbox 166 4497 315 4582; x_wconf 88' lang='lat' dir='ltr'>lectari</span> <span class='ocrx_word' id='word_1_240' title='bbox 346 4491 573 4607; x_wconf 81' lang='lat' dir='ltr'>potuisse?</span> <span class='ocrx_word' id='word_1_241' title='bbox 605 4522 835 4608; x_wconf 86' lang='lat' dir='ltr'>quemnam</span> <span class='ocrx_word' id='word_1_242' title='bbox 865 4498 1060 4612; x_wconf 74' lang='lat' dir='ltr'>donique</span> <span class='ocrx_word' id='word_1_243' title='bbox 1085 4501 1335 4610; x_wconf 89' lang='lat' dir='ltr'>scriptorem</span> <span class='ocrx_word' id='word_1_244' title='bbox 1366 4502 1429 4585; x_wconf 83' lang='lat' dir='ltr'>ita</span> <span class='ocrx_word' id='word_1_245' title='bbox 1451 4499 1738 4601; x_wconf 86' lang='lat' dir='ltr'>temerarium,</span> <span class='ocrx_word' id='word_1_246' title='bbox 1770 4505 1820 4580; x_wconf 90' lang='lat' dir='ltr'>ut</span> 
     </span>
     <span class='ocr_line' id='line_1_27' title="bbox 165 4641 1818 4758; baseline -0.002 -28"><span class='ocrx_word' id='word_1_247' title='bbox 165 4654 256 4730; x_wconf 84' lang='lat' dir='ltr'>tam</span> <span class='ocrx_word' id='word_1_248' title='bbox 287 4645 507 4755; x_wconf 88' lang='lat' dir='ltr'>ingentem</span> <span class='ocrx_word' id='word_1_249' title='bbox 534 4641 726 4729; x_wconf 88' lang='lat' dir='ltr'>laborem</span> <span class='ocrx_word' id='word_1_250' title='bbox 751 4647 1004 4758; x_wconf 87' lang='lat' dir='ltr'>susciperet,</span> <span class='ocrx_word' id='word_1_251' title='bbox 1044 4648 1082 4731; x_wconf 91' lang='lat' dir='ltr'>si</span> <span class='ocrx_word' id='word_1_252' title='bbox 1112 4646 1312 4733; x_wconf 87' lang='lat' dir='ltr'>historias</span> <span class='ocrx_word' id='word_1_253' title='bbox 1336 4647 1427 4734; x_wconf 85' lang='lat' dir='ltr'>Titi</span> <span class='ocrx_word' id='word_1_254' title='bbox 1450 4645 1548 4731; x_wconf 85' lang='lat' dir='ltr'>Livi</span> <span class='ocrx_word' id='word_1_255' title='bbox 1574 4656 1700 4730; x_wconf 85' lang='lat' dir='ltr'>antea</span> <span class='ocrx_word' id='word_1_256' title='bbox 1723 4671 1818 4754; x_wconf 82' lang='lat' dir='ltr'>per·</span> 
     </span>
     <span class='ocr_line' id='line_1_28' title="bbox 163 4786 1819 4903; baseline -0.001 -27"><span class='ocrx_word' id='word_1_257' title='bbox 163 4786 368 4903; x_wconf 81' lang='lat' dir='ltr'>legisset?</span> <span class='ocrx_word' id='word_1_258' title='bbox 405 4791 603 4902; x_wconf 88' lang='lat' dir='ltr'>Denique</span> <span class='ocrx_word' id='word_1_259' title='bbox 620 4800 816 4877; x_wconf 88' lang='lat' dir='ltr'>nostrum</span> <span class='ocrx_word' id='word_1_260' title='bbox 835 4791 961 4881; x_wconf 89' lang='lat' dir='ltr'>Livio</span> <span class='ocrx_word' id='word_1_261' title='bbox 986 4821 1151 4880; x_wconf 88' lang='lat' dir='ltr'>revera</span> <span class='ocrx_word' id='word_1_262' title='bbox 1168 4805 1268 4881; x_wconf 87' lang='lat' dir='ltr'>ante</span> <span class='ocrx_word' id='word_1_263' title='bbox 1287 4794 1437 4882; x_wconf 90' lang='lat' dir='ltr'>oculos</span> <span class='ocrx_word' id='word_1_264' title='bbox 1455 4792 1600 4897; x_wconf 84' lang='lat' dir='ltr'>fuisse,</span> <span class='ocrx_word' id='word_1_265' title='bbox 1627 4792 1675 4877; x_wconf 92' lang='lat' dir='ltr'>ni</span> <span class='ocrx_word' id='word_1_266' title='bbox 1692 4789 1819 4877; x_wconf 89' lang='lat' dir='ltr'>fallor</span> 
     </span>
     <span class='ocr_line' id='line_1_29' title="bbox 164 4935 1817 5055; baseline -0.001 -32"><span class='ocrx_word' id='word_1_267' title='bbox 164 4939 286 5024; x_wconf 85' lang='lat' dir='ltr'>loeus</span> <span class='ocrx_word' id='word_1_268' title='bbox 318 4935 394 5022; x_wconf 92' lang='lat' dir='ltr'>ille</span> <span class='ocrx_word' id='word_1_269' title='bbox 427 4937 632 5043; x_wconf 89' lang='lat' dir='ltr'>ostendit,</span> <span class='ocrx_word' id='word_1_270' title='bbox 666 4964 794 5051; x_wconf 88' lang='lat' dir='ltr'>quem</span> <span class='ocrx_word' id='word_1_271' title='bbox 823 4939 935 5026; x_wconf 83' lang='lat' dir='ltr'>infra</span> <span class='ocrx_word' id='word_1_272' title='bbox 965 4940 1133 5036; x_wconf 72' lang='lat' dir='ltr'>f01.1x⁵</span> <span class='ocrx_word' id='word_1_273' title='bbox 1165 4941 1219 5026; x_wconf 93' lang='lat' dir='ltr'>de</span> <span class='ocrx_word' id='word_1_274' title='bbox 1249 4951 1386 5027; x_wconf 90' lang='lat' dir='ltr'>morte</span> <span class='ocrx_word' id='word_1_275' title='bbox 1418 4937 1472 5027; x_wconf 77' lang='lat' dir='ltr'>G.</span> <span class='ocrx_word' id='word_1_276' title='bbox 1497 4939 1621 5055; x_wconf 88' lang='lat' dir='ltr'>Papii</span> <span class='ocrx_word' id='word_1_277' title='bbox 1648 4936 1817 5023; x_wconf 84' lang='lat' dir='ltr'>Mutili²</span> 
     </span>
    </p>
   </div>
   <div class='ocr_carea' id='block_1_3' title="bbox 256 5074 1367 5200">
    <p class='ocr_par' dir='ltr' id='par_1_4' title="bbox 256 5074 1367 5200">
     <span class='ocr_line' id='line_1_30' title="bbox 256 5074 1367 5200; baseline -0.002 -21"><span class='ocrx_word' id='word_1_278' title='bbox 256 5114 288 5194; x_wconf 88' lang='lat'>1)</span> <span class='ocrx_word' id='word_1_279' title='bbox 311 5114 373 5177; x_wconf 82' lang='lat' dir='ltr'>cfr.</span> <span class='ocrx_word' id='word_1_280' title='bbox 392 5113 508 5176; x_wconf 76' lang='lat' dir='ltr'>Sullmt.</span> <span class='ocrx_word' id='word_1_281' title='bbox 527 5074 688 5191; x_wconf 22' lang='lat' dir='ltr'>ed&#39;Kritr,</span> <span class='ocrx_word' id='word_1_282' title='bbox 705 5113 786 5197; x_wconf 78' lang='lat' dir='ltr'>lips.</span> <span class='ocrx_word' id='word_1_283' title='bbox 806 5116 896 5194; x_wconf 74' lang='lat'>1856,</span> <span class='ocrx_word' id='word_1_284' title='bbox 914 5137 980 5199; x_wconf 74' lang='lat' dir='ltr'>pag.</span> <span class='ocrx_word' id='word_1_285' title='bbox 993 5121 1040 5182; x_wconf 75' lang='lat'>24.</span> <span class='ocrx_word' id='word_1_286' title='bbox 1118 5119 1367 5200; x_wconf 59' lang='lat' dir='ltr'>timitem.</span> 
     </span>
    </p>
   </div>
   <div class='ocr_carea' id='block_1_4' title="bbox 0 0 2326 6410">
    <p class='ocr_par' dir='ltr' id='par_1_5' title="bbox 0 0 2326 6410">
     <span class='ocr_line' id='line_1_31' title="bbox 0 0 2326 6410; baseline 0 0"><span class='ocrx_word' id='word_1_287' title='bbox 0 0 2326 6410; x_wconf 95' lang='lat' dir='ltr'> </span> 
     </span>
    </p>
   </div>
  </div>
 </body>
</html>
