4644 6414
816 753 819 756 ’
915 773 1165 835 unsarana.
1828 751 1867 833 V

207 982 348 1067 fructu
386 983 478 1068 fieri
518 1010 646 1094 posse
685 1011 772 1068 non
811 984 980 1091 dubito,
1018 990 1093 1100 qui
1130 991 1212 1073 etsi
1244 991 1460 1073 ammonio
1494 1017 1579 1101 quo
1612 992 1680 1074 usi
1703 1020 1865 1079 sumus

206 1130 349 1213 minus
380 1128 652 1235 adficiuntur,
684 1132 871 1217 tinctura
902 1145 1047 1220 tamen
1077 1135 1164 1220 alia
1188 1134 1384 1220 adhibita
1406 1135 1561 1220 melius
1594 1136 1773 1224 forsitan
1799 1141 1864 1223 in-

204 1276 408 1387 vestigari
433 1286 646 1387 potenmt.
705 1275 844 1380 Quam
871 1281 1041 1367 adrem
1066 1282 1368 1394 perficiendam
1392 1283 1579 1368 tinctura
1604 1312 1733 1394 quam
1758 1284 1864 1372 Gio·

204 1422 414 1507 bertinam
443 1434 602 1509 vocant
626 1426 763 1535 primo
789 1427 886 1514 loco
912 1430 1118 1514 tentanda
1142 1431 1233 1533 erit,
1257 1431 1453 1540 quamvis
1479 1430 1585 1513 haec
1609 1442 1659 1514 ut
1681 1434 1864 1516 maxime

204 1569 350 1654 valida
374 1571 646 1657 membranas
672 1573 883 1661 interdum
898 1577 1062 1682 laedat,
1087 1605 1226 1689 neque
1253 1575 1311 1660 ob
1335 1575 1380 1659 id
1405 1576 1548 1686 ipsum
1574 1579 1760 1662 remedio
1785 1579 1862 1663 illo

203 1716 269 1800 uti
294 1715 422 1800 nobis
448 1745 701 1803 concessum
727 1723 794 1806 sit.
832 1725 1037 1811 Formula
1056 1725 1147 1809 eius
1167 1723 1360 1806 chemioa
1384 1723 1489 1808 haec
1516 1737 1600 1808 est:
1626 1724 1863 1836 &wa

204 1862 272 1945 vel
299 1854 670 1976 OyK†'OyFe¹.

354 2009 421 2093 Ex
443 2010 563 2094 hisce
587 2009 715 2094 rebus
741 2005 941 2091 omnibus
967 2033 1100 2116 quum
1125 2008 1210 2090 iam
1238 2006 1343 2089 satis
1369 2018 1588 2116 appareat,
1613 2009 1861 2116 antiquissi-

204 2183 319 2237 mam
346 2155 467 2240 illam
492 2157 545 2241 de
567 2185 653 2269 qua
671 2156 839 2268 agimus
861 2153 1114 2263 scripturam
1139 2150 1254 2237 haud
1279 2150 1365 2237 levi
1385 2180 1515 2263 opera
1533 2154 1700 2237 restitui
1721 2182 1859 2264 posse,

202 2300 521 2411 perlustrationi
545 2303 705 2388 codicis
730 2301 925 2412 rescripti
950 2300 1059 2385 coeli
1084 2299 1330 2403 Britannici,
1354 2328 1405 2383 ac
1431 2301 1677 2411 praesertim
1699 2300 1860 2384 Londi-
1969 2375 1971 2380 .

201 2451 359 2554 nensis,
386 2461 538 2534 natura
563 2478 691 2562 quarn
707 2478 874 2560 ‘magno
902 2450 959 2532 sit
983 2448 1300 2558 impediment0,
1327 2450 1424 2559 quis
1451 2456 1519 2531 est
1544 2476 1670 2557 quem
1694 2447 1859 2558 fugiat?

202 2593 313 2677 Nam
340 2596 385 2677 in
412 2597 622 2681 eiusmodi
647 2598 832 2706 negotiis
859 2598 896 2679 si
922 2595 1153 2708 quidquam
1181 2594 1382 2704 proficere
1410 2596 1488 2699 vis,
1514 2593 1765 2704 plenissimo
1791 2593 1859 2675 lu-

201 2742 314 2824 mine
349 2770 456 2853 opus
491 2755 577 2830 cst:
609 2773 688 2828 nos
723 2772 840 2846 vero,
875 2743 979 2826 dum
1004 2741 1191 2824 Londini
1224 2770 1499 2844 moraremur,
1531 2741 1746 2825 continuis
1772 2740 1858 2822 fere

201 2886 410 2972 imbribus
437 2890 692 3003 nebulisque
719 2890 870 2993 obruti,
896 2888 966 2974 vel
986 2888 1126 2972 medio
1147 2888 1229 2972 diei
1253 2899 1443 3000 tempore
1465 2888 1519 2973 ad
1540 2888 1735 2972 lucernas
1756 2917 1858 2970 con-

198 3034 361 3145 fugisse
390 3039 668 3123 recordamur.
720 3038 869 3148 Itaque
895 3036 1010 3121 haud
1036 3035 1168 3119 semel
1194 3035 1350 3119 accidit
1373 3047 1423 3119 ut
1448 3035 1561 3119 idem
1584 3036 1718 3138 locus,
1746 3037 1781 3116 si
1803 3035 1856 3115 ad

199 3209 297 3264 eum
324 3182 462 3268 denuo
490 3185 798 3289 accederemus,
823 3184 1059 3268 litterarum
1085 3183 1243 3266 formas
1270 3182 1469 3266 exhibere
1495 3182 1622 3267 nobis
1646 3183 1858 3266 videretur

197 3327 253 3412 ab
279 3330 332 3412 iis
359 3330 559 3416 ductibus
584 3344 676 3417 toto
703 3332 823 3418 coelo
850 3332 1137 3434 abhorrentes
1161 3357 1270 3441 quos
1291 3329 1504 3442 prioribus
1528 3330 1678 3415 diebus
1698 3329 1857 3415 ibidem

197 3477 443 3561 distinxisse
471 3479 634 3588 opinati
660 3508 821 3564 sumus.
867 3477 1047 3562 Accedit
1066 3477 1181 3590 quod
1199 3478 1361 3561 formae
1381 3478 1664 3589 complurium
1686 3479 1856 3588 apicum

201 3625 443 3708 simillimae
471 3634 581 3728 sunt,
610 3628 672 3711 ita
696 3637 745 3711 ut
772 3626 888 3710 haud
912 3626 1037 3709 facile
1063 3625 1379 3736 dignoscantur,
1407 3626 1706 3737 superscriptis
1734 3652 1856 3735 prae·

197 3773 341 3856 sertim
367 3771 466 3855 aliis
491 3772 644 3857 litteris
670 3773 722 3856 de
750 3774 906 3885 quibus
933 3801 1063 3883 supra
1083 3772 1406 3884 disputavimus.
1444 3772 1548 3857 dam
1573 3801 1673 3856 vero
1697 3772 1751 3856 ad
1778 3797 1856 3854 no-

197 3950 295 4003 vam
322 3920 615 4029 quaestionem
641 3921 893 4008 accedentes
922 3919 974 4004 dc
997 3921 1144 4005 ordine
1169 3919 1369 4003 foliorum
1395 3949 1533 4031 pauca
1558 3921 1827 4005 disseramus.

731 4222 734 4226 ·
878 4190 1070 4278 CAPUT
1101 4192 1175 4278 IV.

813 4363 859 4422 us
883 4362 1017 4424 anona
1040 4361 1235 4424 rononuu

346 4509 528 4596 Constat
563 4511 671 4596 liber
704 4514 1039 4625 manuscriptus,
1078 4515 1194 4626 quod
1225 4517 1311 4599 iam
1336 4527 1471 4602 antea
1500 4516 1703 4619 diximus,
1735 4513 1854 4597 foliis

193 4658 532 4746 membranaceis
555 4659 777 4766 tredecim,
811 4690 992 4773 quorum
1023 4673 1168 4748 tamen
1200 4661 1425 4748 duodecim
1456 4672 1625 4749 tantum
1649 4661 1855 4773 rescripta

194 4818 305 4893 sunt.
329 4806 450 4891 Haec
464 4805 541 4890 ubi
555 4808 741 4917 primum
755 4838 869 4893 anno
886 4812 993 4895 1853
1011 4809 1137 4894 nobis
1154 4838 1372 4895 occurrere
1392 4811 1537 4895 omnia
1557 4808 1851 4910 cohaerebant,

192 4955 254 5039 ita
267 4965 317 5040 nt
332 4982 467 5040 unum
492 4953 695 5039 volumen
716 4957 1040 5065 constituerent3
1065 4985 1145 5043 nec
1159 4956 1283 5044 aliter
1300 4987 1347 5043 se
1361 4956 1580 5044 habebant
1599 4986 1712 5042 anno
1733 4958 1851 5059 1855,

285 5133 314 5210 1)
342 5132 403 5196 cn.
423 5131 498 5193 nni
518 5131 557 5193 n.
578 5132 615 5193 n.
642 5131 686 5193 ea
706 5130 798 5213 salig,
818 5135 962 5210 roan,
980 5153 1045 5213 pag.
1057 5135 1108 5195 1x.
