4644 6414
906 739 1161 801 PRAEFATIO.

359 957 396 1036 2.
450 955 743 1037 Consonantinm
767 955 1006 1062 permutatio.

206 1107 326 1175 Scribit
347 1110 365 1174 b
387 1131 445 1196 pro
464 1134 489 1196 p
511 1110 558 1174 in:
580 1109 764 1176 conscribsit
785 1133 860 1199 pag.
873 1110 922 1194 13,
937 1109 977 1194 Β,
990 1117 1045 1186 11,
1067 1110 1259 1198 proscribtos
1280 1135 1313 1202 p.
1325 1113 1377 1197 21,
1392 1112 1433 1196 B,
1446 1120 1479 1189 8,
1502 1113 1558 1181 sed
1581 1125 1727 1183 econtra
1745 1117 1856 1183 scribit

511 1229 622 1294 etiam:
645 1227 851 1316 subrepserat
871 1248 903 1316 p.
917 1227 967 1312 13,
982 1226 1023 1311 B,
1036 1234 1091 1306 233

256 1384 270 1393 -
341 1347 364 1411 d
383 1370 442 1435 pro
466 1362 477 1412 t
503 1349 550 1411 in:
573 1346 678 1435 adque
690 1344 743 1433 (=
759 1344 870 1433 atque)
892 1345 986 1433 p.10,
1001 1345 1040 1430 B,
1055 1352 1093 1408 13
1113 1347 1302 1436 etsaepius3
1326 1348 1459 1437 aliquod
1478 1351 1532 1436 (=
1548 1349 1684 1441 aliquot)
1706 1377 1739 1442 p.
1752 1355 1802 1437 10,
1814 1362 1853 1416 20

508 1475 541 1532 et
561 1490 595 1556 p.
608 1465 657 1550 16,
672 1474 703 1540 13
725 1462 865 1551 reliquid
884 1459 940 1548 (=
952 1462 1096 1552 reliquit)
1118 1488 1150 1553 p.
1158 1466 1189 1549 6,
1204 1466 1243 1550 B,
1260 1474 1296 1543 4,

255 1621 269 1633 -
344 1599 357 1648 t
377 1606 437 1672 pro
458 1585 482 1651 d
500 1584 550 1650 in:
572 1598 651 1672 aput
671 1607 704 1672 p.
716 1583 768 1665 20,
782 1581 822 1664 Β,
837 1588 893 1656 193

253 1745 268 1756 ·
340 1731 357 1771 a
378 1726 437 1794 pro
459 1728 476 1770 o
497 1703 546 1769 in:
570 1701 775 1770 conciderunt
796 1700 849 1788 (=
864 1700 1088 1789 conciderunt)
1109 1726 1141 1793 p.
1152 1704 1205 1788 21,
1219 1703 1259 1786 B,
1274 1710 1328 1778 123

253 1861 267 1871 ·
337 1849 356 1888 v
378 1844 437 1911 pro
459 1824 478 1888 b
499 1822 546 1888 in:
570 1820 765 1888 tavernaculi
787 1819 841 1909 (=
859 1819 1078 1908 tabernaculi)
1100 1845 1133 1910 p.
1149 1822 1197 1908 15,
1216 1823 1256 1907 B,
1268 1828 1324 1899 233
1354 1823 1485 1890 calneas
1507 1824 1560 1910 (=
1578 1822 1725 1911 balneas)
1753 1850 1784 1915 p.
1801 1827 1853 1911 26,

505 1964 587 2007 vers.
602 1946 640 2001 13
654 1948 686 2005 et
698 1946 736 2001 14
753 1938 847 2028 (δίε),
869 1939 1007 2029 aenigne
1029 1938 1083 2027 (=
1097 1938 1250 2028 benigne)
1272 1964 1305 2029 p.
1317 1939 1369 2024 20,
1385 1939 1424 2025 B,
1438 1947 1488 2004 21.

350 2076 609 2166 Praepositiones
631 2075 677 2142 ad
696 2085 728 2142 et
748 2101 818 2160 oon,
843 2097 903 2141 nec
924 2096 989 2140 non
1010 2075 1046 2141 in
1067 2097 1105 2141 ac
1127 2076 1198 2159 aab,
1220 2075 1276 2142 ubi
1299 2099 1372 2142 cum
1394 2076 1465 2143 aliis
1486 2079 1596 2145 verbis
1617 2090 1854 2169 componuntur

201 2202 412 2262 consonantes
430 2216 504 2259 suas
520 2193 703 2260 immutatas
717 2193 866 2276 retinent,
889 2215 916 2258 a.
930 2216 963 2281 g.
985 2191 1141 2280 adgnovit
1152 2216 1227 2282 pag.
1241 2193 1289 2279 14,
1304 2194 1343 2277 Β,
1356 2202 1413 2272 17,
1436 2196 1639 2286 conloquium
1655 2221 1689 2285 p.
1704 2199 1753 2282 19,
1766 2199 1806 2283 Β,
1820 2207 1854 2275 6,

199 2315 316 2381 inlatus
338 2337 371 2402 p.
384 2313 434 2396 23,
449 2320 503 2396 16,
532 2311 710 2399 inperfecta
730 2337 764 2402 p.
775 2314 827 2395 26,
843 2310 881 2394 Β,
894 2317 950 2386 24,
977 2310 1107 2400 inpetus
1128 2312 1197 2399 p.4
1217 2333 1302 2379 vers.
1318 2321 1350 2393 13
1376 2314 1549 2401 inpositam
1570 2318 1635 2404 pl
1652 2336 1735 2382 vers.
1749 2323 1783 2391 5,
1809 2318 1853 2385 in

200 2444 369 2523 praecatus
391 2456 423 2521 p.
439 2432 488 2516 14,
500 2431 540 2515 Β,
553 2438 591 2495 21
604 2458 611 2508 ,
635 2432 793 2500 submovit
812 2455 844 2520 p.
858 2432 907 2514 ll,
922 2430 962 2513 B,
976 2437 1025 2493 16.

351 2550 501 2639 Denique
516 2551 676 2617 notandae
691 2559 765 2616 sunt
777 2550 918 2615 formae:
940 2549 1125 2616 Archelauo
1146 2573 1179 2638 p.
1194 2550 1245 2634 18,
1260 2551 1299 2634 Β,
1314 2558 1368 2628 12,
1390 2552 1589 2620 Arcboelaoo
1612 2553 1687 2620 ibid.
1702 2577 1786 2622 vers.
1799 2562 1852 2630 22,

204 2671 464 2739 Ariobards'anen
489 2670 541 2755 (=
556 2668 825 2755 Ariobarzanem)
847 2692 879 2757 p.
891 2667 931 2734 19
953 2689 1037 2734 vers.
1052 2673 1101 2729 19.

352 2787 489 2878 Saepius
511 2787 607 2854 etiam
635 2788 755 2854 lateras
781 2798 814 2854 et
835 2795 1049 2854 consonantes
1077 2794 1109 2851 et
1129 2785 1260 2852 vocales
1287 2797 1343 2854 ant
1365 2789 1539 2878 duplicavit
1565 2796 1621 2856 ant
1646 2791 1775 2858 omnino
1797 2790 1852 2858 ad

199 2910 296 2976 didit:
323 2920 355 2975 et
375 2910 422 2975 ita
443 2909 588 2998 quidem,
616 2906 706 2974 utin
728 2907 793 2973 fine
814 2907 987 2975 verborum
1008 2896 1145 2994 primam
1165 2906 1330 2993 sequentis
1351 2909 1443 2976 verbi
1463 2919 1640 2999 repeteret,
1667 2932 1765 2997 quam
1784 2932 1853 2978 rem

198 3030 294 3096 etiam
324 3029 357 3094 in
383 3029 473 3097 libris
497 3051 594 3094 manu
623 3026 750 3116 scriptis
777 3027 1011 3096 recentioribus
1040 3024 1227 3115 saepissime
1252 3048 1423 3095 occurrere
1449 3028 1529 3096 satis
1558 3038 1694 3096 constat
1752 3027 1852 3097 Cuius

201 3148 422 3238 duplicationis
443 3148 621 3214 litterarum
644 3147 793 3236 exempla
816 3147 976 3235 adponam
997 3144 1092 3211 haec:

285 3267 397 3334 scribit
418 3266 534 3333 dirrnit
553 3266 608 3354 (=
623 3265 733 3352 diruit)
753 3288 830 3355 pag.
846 3266 884 3332 16
900 3288 982 3331 vers.
996 3271 1050 3338 16,
1073 3262 1196 3331 iuncxit
1210 3265 1264 3352 (=
1279 3265 1397 3354 iunxit)
1419 3292 1450 3357 p.
1464 3266 1512 3351 15,
1525 3273 1581 3343 24,
1603 3273 1740 3333 aetatem
1760 3265 1854 3350 maio·

283 3409 352 3454 rem
368 3393 421 3472 (ε
436 3397 543 3454 aetate
558 3383 727 3470 maiorem)
749 3407 781 3473 p.
795 3385 826 3467 6,
841 3383 881 3466 Β,
895 3390 951 3460 19,
973 3403 1074 3448 annos
1089 3382 1254 3472 superiore
1269 3382 1325 3471 (=
1341 3407 1425 3452 anno
1439 3382 1619 3474 superiore)
1635 3384 1730 3474 pal,
1744 3383 1784 3468 Β,
1797 3391 1852 3461 13,

286 3507 465 3575 contionem
484 3530 600 3596 magna
616 3504 669 3593 (π
687 3503 835 3571 contione
850 3500 983 3589 magna)
1004 3524 1036 3589 p.
1047 3501 1098 3584 23,
1112 3501 1152 3585 Β,
1166 3509 1223 3578 13,
1245 3513 1279 3571 et
1291 3504 1443 3572 invicem:
1466 3526 1528 3592 quo
1547 3502 1689 3570 subsidio
1704 3502 1757 3589 (e
1773 3525 1853 3591 qnos

282 3625 437 3713 subsidio)
458 3650 490 3715 p.
505 3628 618 3710 14,1e.

348 3747 488 3814 Latmos
510 3745 729 3813 desiderantur
750 3744 784 3810 in
806 3741 954 3808 vocibus:
981 3739 1042 3808 eris
1064 3740 1117 3828 (=
1132 3741 1240 3830 bores)
1262 3739 1328 3831 psl
1351 3761 1436 3806 vers.
1451 3749 1507 3819 19,
1529 3741 1704 3809 exibuerat
1726 3741 1781 3827 (=
1799 3763 1852 3808 ex·

198 3864 360 3949 bibuerat)
380 3888 413 3952 p.
427 3865 478 3949 21,
493 3864 532 3948 Β,
546 3872 577 3938 1,
600 3862 656 3929 sed
680 3887 697 3929 e
720 3861 879 3929 contrario
901 3858 1038 3947 legimus
1061 3861 1171 3926 etiam:
1193 3861 1288 3926 horas
1310 3858 1364 3944 (=
1379 3860 1466 3949 oras)
1488 3886 1519 3950 p.
1534 3862 1583 3945 10,
1597 3859 1635 3936 B,
1649 3865 1703 3934 203
1725 3859 1852 3926 litterae

197 3983 314 4050 deinde
342 3982 531 4049 exciderunt
557 3983 605 4048 in:
645 3992 791 4049 extructo
819 3982 874 4067 (=
891 3977 1069 4064 exsaucto)
1097 4001 1131 4067 p.
1146 3978 1201 4061 14,
1225 3977 1264 4064 B,
1284 3986 1337 4056 18,
1375 3977 1549 4047 disicerant
1577 3979 1631 4067 (=
1654 3976 1851 4066 disiicerant)

195 4125 228 4189 p.
241 4101 283 4167 23
304 4123 388 4168 vers.
402 4109 436 4175 8,
458 4101 553 4167 mods·
569 4101 623 4188 (=
638 4101 751 4192 modii)
773 4126 805 4191 p.
817 4101 871 4186 23,
886 4100 925 4182 Β,
938 4106 994 4173 11,
1016 4118 1058 4163 ne
1074 4094 1178 4162 dicam
1197 4095 1238 4164 de
1256 4099 1359 4165 forma
1375 4098 1508 4187 genitivi
1525 4098 1690 4165 nominum
1705 4098 1852 4188 Pompei,

195 4245 228 4308 p.
240 4222 288 4304 14,
309 4221 349 4305 Β,
362 4227 416 4296 16,
450 4220 575 4308 Grani,
597 4248 630 4313 p.
647 4223 691 4290 22
718 4220 880 4311 inscript.;
915 4216 1045 4301 Manili,
1065 4239 1098 4304 p.
1117 4217 1167 4301 10,
1189 4215 1229 4302 Β,
1248 4224 1296 4281 10.
1344 4217 1497 4307 Denique
1522 4217 1649 4285 scribit:
1684 4216 1852 4284 adsensast

195 4340 250 4424 (=
265 4339 402 4406 adsensa
423 4340 487 4425 est)
509 4363 541 4427 p.
553 4339 606 4423 23,
625 4339 665 4424 Β,
679 4346 734 4415 13,
762 4350 809 4407 et:
835 4348 994 4406 mortuast
1015 4338 1069 4423 (e
1083 4343 1211 4403 mortua
1232 4335 1295 4424 est)
1317 4336 1407 4424 pao
1426 4359 1509 4402 vers.
1522 4342 1572 4398 24.

346 4460 475 4548 Lapsae
496 4458 617 4525 commi
640 4468 673 4525 et
695 4467 806 4551 aperta
827 4458 905 4524 vitia
927 4479 1047 4547 paucos
1068 4456 1102 4523 in
1125 4454 1235 4523 codice
1260 4464 1372 4523 nostro
1393 4454 1586 4538 invenimus,
1614 4461 1665 4520 nt:
1695 4454 1851 4522 habuerat

196 4579 250 4663 (=
265 4577 415 4666 baberet)
436 4601 470 4668 p.
483 4577 514 4664 6,
529 4577 568 4661 Β,
580 4585 635 4655 24,
658 4576 879 4646 adventatium
902 4575 954 4664 (=
968 4572 1222 4661 adventantium)
1244 4598 1276 4663 p.
1290 4574 1339 4659 10,
1353 4572 1393 4658 Β,
1408 4578 1463 4659 14,
1484 4580 1606 4662 peterat
1627 4570 1682 4660 (=
1695 4571 1849 4661 petierat)

196 4699 277 4786 p13
291 4705 440 4774 vers.10;
458 4697 666 4764 subvenirent
675 4697 729 4784 (=
738 4696 939 4783 subveniret)
949 4718 983 4785 p.
992 4695 1041 4778 14,
1052 4695 1092 4778 B,
1100 4700 1156 4770 13,
1177 4691 1345 4782 negabant
1355 4690 1410 4778 (a
1417 4690 1596 4781 negabant)
1610 4715 1643 4782 p.
1652 4691 1693 4759 15
1702 4713 1788 4759 vers.
1797 4698 1849 4766 14,

195 4814 402 4903 praesidebat
423 4817 477 4904 (=
488 4815 728 4908 praesidebant)
750 4840 782 4904 p.
796 4816 847 4898 18,
867 4815 906 4900 Β,
920 4823 954 4891 9,
982 4790 1121 4902 deniqne
1141 4811 1257 4880 verba:
1278 4810 1436 4879 necatis
1456 4807 1624 4899 reliquis
1645 4810 1696 4878 bis
1718 4817 1850 4878 exarata

196 4947 270 5002 sunt
291 4958 366 5024 pag.
385 4936 425 5003 19
446 4960 531 5004 vers.
549 4943 567 4998 4
585 4946 618 5004 et
637 4943 664 4998 5.

1474 5167 1536 5245 ba
