4644 6414
893 745 1004 808 cmm
1024 745 1195 808 arcuum
1215 746 1285 808 na
1309 744 1431 805 xxxva
1934 721 1990 802 lt

342 960 389 1036 do
403 1016 632 1036 ..........
660 969 828 1036 eoactum
855 983 987 1053 ...es,
1019 970 1056 1032 et
1090 956 1259 1034 consules
1292 955 1378 1031 dato
1411 1012 1592 1031 ........
1618 956 1805 1034 Etruriam
1832 985 2121 1039 .......a.uc.

341 1109 382 1172 ut
413 1097 546 1172 scitum
577 1121 660 1171 vers
759 1094 902 1171 dendus
936 1094 1099 1170 insontes
1268 1105 1479 1191 praesentes
1513 1118 1606 1167 renu
1626 1148 1785 1167 ......
1818 1093 1884 1170 aed
1916 1120 1990 1195 quo
2027 1059 2087 1108 m

339 1232 450 1308 Mar.
473 1231 617 1307 ..dem
649 1242 920 1331 comportatur,
952 1254 1071 1331 neque
1102 1229 1249 1330 segnior
1280 1253 1326 1304 ca
1344 1283 1534 1304 .......
1567 1227 1632 1303 ubi
1663 1228 1746 1329 quis
1778 1229 1988 1307 videretur⁰

339 1368 551 1468 contingere
579 1382 763 1462 ...ntem,
790 1364 993 1442 secundum
1019 1377 1146 1440 ...set
1171 1364 1295 1440 lacum
1321 1362 1369 1466 (l)
1396 1390 1540 1439 summo
1567 1389 1677 1440 ...es
1704 1365 1827 1441 omisit
1851 1367 1989 1442 incerta

297 1473 303 1486 .
336 1517 373 1580 et
398 1529 511 1579 ...es
537 1516 686 1580 senatus
711 1498 913 1578 concessit*
940 1496 1232 1576 execrationibus
1257 1498 1430 1576 maximis
1462 1499 1568 1575 nulla
1593 1500 1691 1575 ultra
1716 1528 1820 1576 arma
1844 1527 1992 1577 movere
2008 1519 2114 1574 ‘aaa

336 1665 529 1741 umquam,
565 1641 641 1715 iam
674 1638 757 1714 urbi
788 1665 873 1714 oum
902 1637 1073 1715 adesse..
1080 1691 1187 1712 .....
1202 1634 1268 1712 das
1301 1636 1466 1738 legatum
1496 1662 1606 1712 suum
1637 1638 1990 1737 praemissum

337 1831 517 1849 ........
546 1774 689 1876 antiqui
972 1771 1147 1871 era..ris
1173 1772 1381 1847 coniuravit
1565 1772 1765 1873 primohic
1790 1774 1831 1847 in

338 1967 445 1983 .....
460 1922 602 1985 armata
628 1910 702 1984 imo
727 1909 825 1986 infra
851 1935 1060 1985 .....nam
1086 1934 1306 2002 .......m,
1331 1935 1421 1983 nam
1440 1879 1872 2011 eratnaturaiunius(?)
1891 1909 1992 1984 intus

335 2059 372 2122 et
521 2045 695 2146 quietusl
727 2072 819 2148 pace
850 2045 939 2122 istos
973 2045 1072 2120 l.lis
1086 2099 1390 2119 .............
1425 2070 1554 2120 severa
1585 2058 1641 2120 est
1673 2042 1818 2120 Sullani
1852 2070 1915 2119 sa.
1932 2103 1940 2118 .
1956 2102 1990 2118 ..

338 2197 513 2260 ...erent
547 2182 815 2283 pecuniamque
845 2182 942 2258 inter
972 2208 1025 2255 nu
1039 2239 1048 2254 .
1064 2238 1072 2255 .
1088 2237 1097 2255 .
1112 2204 1174 2255 cos
1200 2179 1407 2257 sacerdotes
1433 2239 1565 2257 ......
1597 2194 1638 2256 ut
1663 2193 1765 2256 ratus
1796 2194 1834 2254 et
1860 2238 1989 2254 ......
2002 2204 2007 2214 ·

341 2345 501 2395 ....rae
528 2316 744 2420 dignitatem
777 2318 909 2392 iterum
935 2343 996 2393 cos
1012 2372 1459 2393 ...................
1475 2319 1577 2394 uirca
1591 2373 1989 2392 .................

1124 2851 1192 2928 ru.

332 3041 429 3060 .....
456 2987 522 3086 qui
547 2987 805 3064 Antiochiam·
827 2988 1085 3084 advenerat⁰¹,
1123 3002 1267 3065 mortuo
1294 2987 1406 3062 fratre
1444 2985 1624 3086 regnavit.
1659 2985 1758 3061 idem
1786 2989 1990 3090 agitaverat
2008 3015 2123 3069 suc.

331 3121 473 3197 benum
488 3137 616 3223 paea
629 3123 790 3199 aneae
803 3124 992 3220 nomana,
1007 3123 1072 3200 aa
1088 3122 1292 3200 nnciam
1311 3122 1445 3198 notar
1463 3179 1471 3195 .
1487 3178 1496 3196 .
1512 3178 1520 3195 .
1536 3178 1544 3194 .
1559 3120 1617 3196 nn
1637 3135 1755 3198 sora.
1776 3151 1842 3224 per
1860 3126 1988 3225 pauca
2010 3088 2122 3224 ,ξξξχ

332 3258 465 3334 bonis⁸
497 3285 634 3359 magna
666 3260 845 3337 miscebat
879 3260 996 3336 vitiat
1004 3261 1018 3301 ³
1043 3260 1203 3338 incertae
1228 3274 1408 3336 naonaea
1441 3257 1675 3358 levitatisque
1709 3262 1901 3336 summael

449 3382 813 3472 commiasabundusl
846 3398 987 3494 venire,
1019 3396 1067 3472 ad
1099 3395 1357 3498 symphoniam
1387 3391 1509 3468 nudus
1542 3393 1676 3470 saltare
1684 3394 1707 3491 ⁴,
1739 3423 1804 3497 per
1834 3396 1987 3473 balneas

417 3603 448 3666 ο)
466 3604 506 3653 s'to
526 3604 636 3654 coniicit
655 3603 830 3656 scribendum.
900 3604 929 3668 d)
948 3621 983 3656 συ
1001 3605 1154 3671 inquietus?
1207 3602 1234 3669 τ)
1251 3599 1492 3655 cumAntiochiam
1509 3601 1649 3654 advenerat
1662 3604 1701 3656 Μ.
1754 3604 1784 3671 d)
1803 3603 1933 3656 inhibitus
1951 3606 1990 3656 Μ.

331 3699 360 3764 s)
377 3697 455 3750 bonis
474 3698 514 3747 Μ.
583 3698 615 3764 f)
633 3700 702 3750 vitia
718 3699 756 3748 Μ.
827 3698 858 3765 ρ)
877 3706 986 3752 naturae
1005 3701 1043 3752 Μ.
1114 3697 1143 3767 λ)
1162 3712 1280 3752 summac
1297 3697 1337 3748 Μ.
1408 3695 1436 3761 ί)
1455 3695 1702 3749 comissabundus
1722 3699 1762 3751 Μ.

399 3860 429 3943 1)
452 3856 519 3922 scil.
537 3856 717 3923 Antiochus
728 3857 787 3943 IV,
809 3859 995 3947 Epiphanes
1011 3859 1137 3947 (580-
1185 3858 1286 3948 (apud
1297 3856 1500 3923 Athenaeum
1512 3856 1553 3940 V,
1565 3856 1605 3922 21
1619 3869 1652 3923 et
1662 3857 1707 3940 X,
1719 3859 1791 3944 52);
1814 3859 1886 3925 Liv.
1898 3860 1990 3945 XLI,

331 3967 427 4052 5903
449 3966 577 4033 videtur
596 3978 702 4034 autem
721 3968 937 4056 fragmentum
952 3970 1022 4054 hoc,
1039 3969 1072 4036 id
1087 3980 1137 4038 est
1184 3991 1254 4058 cap.
1262 3967 1321 4051 243
1342 3966 1477 4033 Diodor.
1489 3967 1673 4053 XXVIIII,
1684 3968 1728 4034 32
1739 3978 1772 4034 et
1782 3969 1914 4054 XXXI,
1928 3973 1978 4037 16.

330 4076 441 4143 folium
460 4076 506 4159 V,
530 4099 628 4165 quum
645 4099 698 4144 res
720 4100 749 4143 a.
765 4079 830 4144 580
845 4102 915 4167 sqq.
940 4089 1049 4168 gestas
1065 4103 1137 4146 con·
1246 4077 1282 4161 4)
1312 4075 1368 4142 cfr.
1390 4075 1505 4165 Polyb.
1528 4077 1661 4161 XXXI,
1678 4078 1714 4143 4:
1743 4078 1799 4146 καί
1824 4083 1885 4169 τῆς
1906 4103 1988 4164 συμ-

327 4185 517 4269 tineat,non
530 4195 595 4251 tam
612 4185 694 4252 libro
703 4186 857 4253 XXXVI
871 4212 967 4276 quam
979 4189 1137 4257 XXVIII
1185 4180 1315 4276 φωνίας
1341 4186 1630 4276 προκαλουμένης,
1669 4181 1889 4278 ἀναπηδήσας
1922 4184 1986 4281 oie-

329 4294 568 4362 attribuendum
586 4318 665 4379 esse,
683 4297 729 4361 ita
744 4306 779 4362 nt
794 4296 900 4363 locum
921 4321 1010 4364 suum
1030 4299 1136 4365 statim
1182 4299 1270 4378 χεῒτο
1288 4294 1346 4362 καί
1359 4289 1552 4387 ὑπεκρίνετο
1568 4298 1652 4382 μετὰ
1663 4302 1730 4365 τῶν
1742 4301 1987 4387 γελωτοποιῶν,

327 4415 403 4494 post
419 4405 473 4470 fol.
487 4404 538 4469 XI
555 4404 707 4470 obtineat.
730 4406 896 4490 Attamen,
914 4431 1013 4495 quum
1027 4431 1136 4474 secun·
1184 4402 1267 4485 ὥςτε
1301 4400 1430 4487 πάντας
1466 4403 1720 4493 αἰσχυνομένους
1754 4406 1910 4498 φεύγειν,
1958 4426 1989 4481 et

328 4513 404 4580 dum
415 4525 540 4601 patrem
554 4514 860 4601 numeroXXXVI,
870 4517 982 4584 sivero
993 4527 1136 4584 nostram
1183 4516 1318 4582 Diodor.
1331 4517 1464 4601 XXXI,
1480 4521 1533 4585 16:
1555 4518 1760 4602 nurisatico
1774 4525 1834 4610 τῆς
1851 4548 1988 4613 συμφω-

325 4623 496 4690 lectionem
508 4625 672 4713 sequimur
682 4646 815 4691 numero
823 4625 1023 4712 XXXVIII,
1031 4626 1135 4716 signa
1183 4620 1257 4708 νίας
1285 4626 1559 4717 προκαλουμένης
1585 4624 1738 4719 ἀνεπήδα
1765 4628 1902 4717 γυμνός,
1931 4635 1987 4703 καὶ

326 4742 395 4798 tum
410 4732 461 4817 sit,
474 4756 534 4800 nos
550 4734 604 4800 alii
613 4735 684 4801 loco
696 4733 840 4801 inserere
850 4737 930 4804 illud
946 4739 1117 4806 noluimus.
1179 4740 1251 4816 τοῖς
1270 4732 1388 4822 μίμοις
1408 4739 1624 4825 προςπαίζων
1646 4734 1780 4829 ὠρχεῖτο
1802 4746 1868 4810 τῶν
1890 4738 1985 4833 ὀρχή-

389 4842 424 4928 2)
453 4840 590 4910 Seleuco
605 4842 666 4928 IV,
692 4843 917 4931 Philopatore,
946 4847 1001 4936 qni
1022 4871 1053 4915 a.
1069 4849 1132 4916 568
1180 4869 1266 4914 σεων
1291 4845 1353 4926 τὰς
1372 4846 1504 4936 χίλσπα
1530 4849 1588 4918 καί
1612 4850 1799 4936 χλευασμὸν
1821 4850 1985 4933 εἰωθυίας

324 4951 658 5037 -580(186-1’ί4)
680 4974 816 5040 regnum
829 4953 944 5042 Syriae
963 4957 1109 5025 obtinuit
1179 4953 1412 5039 ἐπισπᾶσθαι,
1442 4952 1488 5039 ὥς
1509 4955 1639 5042 πάντας
1660 4957 1899 5045 αἰσχυνθέντας
1925 4962 1985 5032 ἐπὶ

389 5060 425 5146 3)
448 5062 506 5129 cfr.
530 5062 570 5129 de
592 5085 631 5130 eo
651 5061 767 5151 Polyb.
790 5063 846 5131 lib.
863 5065 984 5135 XXVI
1006 5090 1076 5157 cap.
1089 5069 1130 5137 10
1177 5066 1983 5160 τοῖςπραπσμίνοιςφτὺγσινίκτοῦπότουκπλ.
