4644 6414
334 738 391 819 30
897 764 1010 826 casui
1031 765 1201 826 nuruum
1222 767 1291 826 un
1316 765 1436 825 xxuu.

334 991 375 1050 ut
402 1033 525 1050 ......
540 976 661 1050 e.ine
695 1033 840 1051 .......
853 989 960 1052 t....
991 976 1031 1051 in
1057 977 1205 1053 Italiam
1230 977 1400 1052 venirent
1427 1034 1550 1053 ......
1564 978 1659 1052 elsos
1693 975 1789 1052 dicet
1815 978 1995 1053 coniicere

335 1169 483 1187 .......
496 1112 637 1186 amenis
671 1110 833 1186 Castoris
868 1124 904 1187 et
935 1110 1098 1188 Pollucis
1131 1115 1339 1190 simulacra.
1406 1111 1520 1188 Sirios
1555 1139 1668 1214 equos
1701 1114 1840 1189 habent
1870 1114 1995 1188 nullos

335 1305 645 1324 ..............
671 1249 841 1348 quamvis
868 1249 949 1323 sani
975 1248 1209 1324 admonuisse
1239 1250 1410 1323 ....scio
1444 1275 1536 1350 quos
1563 1248 1768 1349 Spartiatae
1793 1249 1995 1324 Arnidaci‘¹

333 1399 369 1460 et
399 1383 552 1484 quidam
580 1382 816 1466 Ἀνιπποστος
849 1383 908 1458 die
941 1384 1058 1459 natali
1092 1391 1328 1466 Καλλιππους
1360 1386 1523 1484 appellat
1555 1384 1772 1479 Flexuntes,
1805 1411 1828 1459 a
1860 1412 1995 1486 genere

335 1519 552 1596 Pniidilium
583 1518 682 1620 quod
720 1520 856 1620 regum
875 1518 1060 1597 vocabant
1094 1519 1191 1595 ..d.
1223 1533 1261 1594 et
1285 1546 1399 1620 quam
1425 1520 1600 1621 epiphion
1706 1546 1753 1596 ve
1768 1579 1775 1595 .
1792 1522 1871 1598 ‚nit
1896 1549 1919 1597 a
1943 1524 1994 1598 ris

999 2032 1048 2091 EX
1070 2032 1181 2093 LIBRO
1204 2031 1323 2091 xxvul.

1138 2197 1189 2274 H.

204 2354 322 2407 nuc
450 2336 492 2411 Ρ.
519 2332 715 2410 Cornelius
740 2331 963 2430 Lentulusl,
987 2332 1069 2435 qui'
1096 2347 1175 2409 erat
1205 2333 1338 2409 consul
1364 2348 1470 2408 cum⁶
1499 2332 1566 2409 Cn.
1592 2332 1784 2431 Domitio¹,
1822 2362 1898 2412 non
1924 2336 1995 2411 fuit

192 2427 297 2546 cliii
305 2512 324 2545 r.
335 2470 558 2548 omittendus
569 2471 597 2567 ὅ,
629 2496 719 2545 nam
744 2470 866 2546 clarus
892 2469 951 2545 vir
976 2469 1047 2547 fuit
1072 2483 1109 2546 et
1132 2496 1213 2546 rem
1236 2469 1426 2571 publicam
1450 2469 1554 2544 iuvit

488 2607 654 2684 Praetori
688 2605 830 2680 urbano
869 2618 1017 2682 senatus
1049 2607 1217 2709 permisit
1249 2633 1383 2706 agrum
1415 2600 1663 2706 Campanum,
1703 2630 1815 2707 quem
1846 2632 1993 2684 omnem

334 2745 471 2845 privati
495 2742 744 2846 possidebant,
770 2751 951 2819 coemeret
976 2756 1036 2820 et⁶
1061 2741 1233 2845 publicus
1258 2744 1372 2837 fieret,
1396 2753 1433 2816 et
1458 2766 1687 2843 possessores
1706 2742 1887 2819 Lentulo²
1905 2771 1992 2820 con-

335 2893 523 2958 cesserunt
548 2880 666 2982 pretia
692 2879 946 2978 constitueret3
971 2905 1042 2956 nec
1066 2879 1199 2956 fefellit
1221 2879 1280 2954 vir
1307 2903 1457 2979 aequus.
1498 2904 1587 2954 nam
1611 2890 1716 2955 tanta
1741 2880 1993 2958 moderatione

335 3043 424 3091 usus
450 3028 522 3112 est,
556 3028 597 3091 ut
622 3028 659 3091 et
684 3014 738 3089 rei
761 3014 933 3115 publicae
959 3015 1152 3092 commoda
1177 3027 1214 3092 et
1238 3001 1518 3116 possessorumf
1537 3027 1783 3117 temperarem
1811 3074 1915 3092 .....
1929 3018 1992 3094 iau

335 3152 409 3227 alia
427 3152 527 3228 idem
546 3151 594 3228 ad
613 3151 734 3227 ube..
750 3208 782 3226 ..
802 3153 891 3228 anni
910 3152 1200 3255 quinquaginta³
1214 3206 1371 3227 .......
1392 3162 1429 3225 et
1448 3176 1581 3252 agnmr
1600 3150 1684 3255 u(?)
1702 3152 1741 3228 in
1761 3165 1800 3228 ta
1814 3210 1938 3227 ......
1955 3182 1994 3229 m

334 3289 475 3365 invisos
509 3287 671 3364 divisum
697 3344 878 3364 ........
914 3301 950 3364 et
981 3315 1067 3365 eum
1097 3287 1138 3364 in
1164 3286 1372 3365 dicioneml
1402 3342 1657 3363 ...........
1671 3314 1693 3365 e
1723 3289 1993 3391 multoplures

209 3439 314 3492 ‘cota
318 3473 590 3500 ............
617 3449 680 3501 aes
694 3480 704 3500 .
719 3481 728 3499 .
743 3483 752 3500 .
766 3425 828 3501 inc
842 3481 850 3498 .
866 3482 875 3498 .
891 3483 901 3500 .
933 3422 1183 3527 'praepositus
1209 3422 1459 3525 recuperavit,
1492 3420 1723 3525 formamque
1753 3451 1928 3526 agrorum
1953 3428 1994 3503 in

336 3562 416 3637 aesi
442 3560 599 3636 incisam
625 3559 673 3635 ad
698 3560 916 3638 Libertatis⁴
938 3563 1052 3637 fixam
1078 3561 1237 3664 reliquit,
1262 3587 1375 3662 quam
1400 3571 1528 3661 postea
1555 3557 1660 3635 Sulla
1686 3562 1857 3663 corrupit.
1894 3562 1993 3638 idem

335 3711 460 3774 tumen
487 3695 611 3771 dotem
635 3695 860 3773 filiaededit
886 3698 1052 3774 sestertia
1077 3694 1199 3774 XXV.

423 3927 454 3996 e)
477 3928 551 3979 loeus
568 3925 753 3995 difficillime,
770 3942 847 3997 quem
864 3929 1043 3996 interpretes-t
1060 3944 1114 3980 ens
1130 3927 1259 3980 edemus.
1346 3924 1375 3994 b)
1397 3941 1493 3979 sense
1508 3927 1639 3995 suppleri.
1726 3928 1754 3996 e)
1777 3928 1916 3982 consulum
1935 3929 1994 3982 red.

337 4021 559 4090 dJomittmdum
577 4021 635 4073 eod.
697 4022 724 4088 e)
741 4038 776 4074 ue
793 4022 932 4089 hundam
949 4025 998 4075 ut?
1053 4023 1084 4092 f)
1101 4019 1321 4091 pee[se]seIonsm
1338 4019 1396 4074 esd.
1456 4021 1487 4089 9)
1505 4028 1635 4090 temperas
1655 4058 1681 4074 .·
1700 4023 1772 4089 ιθὼς
1790 4031 1938 4092 temperans
1955 4025 1995 4076 H.

336 4116 368 4184 b)
386 4118 425 4168 eie
441 4118 560 4184 fortusse
577 4114 724 4182 tenendum.
793 4115 824 4183 ι’)
841 4133 886 4170 ses
904 4121 1057 4186 scripsisses
1075 4134 1132 4171 esser
1150 4117 1197 4181 163
1216 4121 1257 4167 est
1273 4121 1302 4166 ut
1320 4115 1426 4167 uidetur
1443 4116 1501 4168 ced.

402 4319 435 4405 1)
463 4317 523 4386 Cn.
543 4319 704 4387 Domitius
725 4317 961 4388 Ahenobarbus
981 4343 1047 4387 uns
1069 4343 1141 4388 cum
1192 4328 1340 4410 peratum
1372 4318 1470 4387 fuisse
1496 4318 1607 4403 tradit,
1635 4319 1722 4387 hand
1752 4319 1849 4387 dubie
1879 4320 1920 4386 de
1947 4341 1996 4386 es·

335 4427 374 4495 P.
394 4426 545 4495 cornelio
561 4429 700 4497 Lentulo
723 4430 835 4497 consul
851 4429 911 4496 fuit
932 4453 961 4496 s.
974 4432 1048 4515 592,
1069 4433 1141 4498 loco
1194 4429 1267 4496 dem
1296 4453 1333 4498 re
1360 4430 1512 4518 loquutus
1541 4428 1636 4496 sicuti
1664 4440 1777 4497 monet
1806 4430 1996 4497 Theodorus

336 4536 376 4604 P.
399 4536 495 4604 Oorn.
518 4537 681 4627 Scipionis
703 4549 737 4607 et
757 4539 924 4607 emerui
944 4541 1064 4630 Figuli,
1085 4541 1142 4631 qui
1192 4538 1384 4608 Mommsen.

337 4646 416 4714 vitio
436 4647 513 4714 fecti
535 4648 735 4716 abdicarunt.
1257 4650 1294 4736 d)
1318 4648 1490 4738 Loquitur,
1511 4659 1549 4716 ut
1563 4649 1744 4718 Mommsen
1765 4648 1869 4732 docet,
1891 4646 1934 4713 de
1953 4649 1997 4714 60

400 4759 437 4846 2)
459 4757 528 4825 scil.
548 4758 588 4826 P.
611 4756 710 4825 Gom.
731 4756 879 4843 Lentulo,
900 4758 1044 4827 eiusdem
1065 4760 1142 4828 suni
1193 4759 1287 4827 suuis
1308 4760 1364 4850 qui
1382 4759 1469 4828 inter
1488 4771 1710 4849 recuperatam
1732 4756 1924 4825 sRomanis
1936 4755 1997 4824 Os·

339 4866 471 4935 consuli.
500 4865 569 4936 Sed
583 4867 659 4934 vide
677 4890 761 4957 quse
774 4867 832 4936 lib.
844 4866 955 4954 XLII,
968 4871 1007 4936 19
1028 4869 1142 4937 Livius
1193 4891 1291 4958 pusm
1313 4868 1357 4954 (a
1372 4866 1445 4953 543,
1468 4870 1525 4937 cfr.
1547 4871 1676 4938 Liuium
1696 4866 1778 4935 libro
1793 4865 1923 4950 XXVI,
1942 4866 1997 4951 lu)

336 4986 459 5061 narrat,
487 4977 542 5065 qui
563 4999 677 5065 agrum
699 4975 901 5068 Campanum
921 5000 980 5067 per
1000 4978 1145 5067 recogni-
1194 4989 1227 5046 et
1247 4980 1287 5048 P.
1307 4978 1405 5048 Corn.
1420 4979 1550 5047 Lentuli
1571 4977 1770 5045 consulatum
1785 4974 1997 5043 intercedunt

337 5089 457 5156 tionem
488 5086 527 5153 L.
549 5084 708 5153 Postumii
732 5085 881 5156 Consulis
910 5111 939 5155 s.
965 5088 1028 5155 581
1054 5111 1146 5156 recu·
1252 5089 1295 5176 4)
1317 5089 1385 5158 soil.
1407 5088 1530 5158 eedem.
