4644 6414
742 740 853 804 cxxxx
873 741 1044 802 cremum
1065 740 1134 802 xrs.
1158 738 1268 801 xxxv.
1782 718 1839 801 39

193 951 268 1027 culi
302 950 529 1052 dissipatum.
578 979 646 1029 uec
681 978 784 1053 spem
816 953 914 1027 vitae
948 951 1107 1029 ostendit
1141 951 1204 1028 ..⁸.
1220 1011 1228 1025 .
1245 1010 1277 1026 ..
1312 952 1453 1053 aliquot
1488 954 1565 1029 dies
1596 957 1635 1057 ip
1650 1013 1658 1028 .
1674 1013 1705 1029 ..
1856 986 1889 1038 x
1903 987 1974 1039 uc,

194 1145 299 1161 .....
331 1086 419 1188 quia
452 1089 534 1163 sani
732 1088 780 1164 sit
904 1086 1070 1165 cassibus
1245 1089 1379 1164 missus
1414 1089 1614 1164 exercitum
1648 1091 1838 1193 acciperet,
1857 1060 1980 1179 miii„

191 1224 280 1298 dum
311 1223 376 1298 ille
408 1225 639 1300 convalescit.
686 1224 733 1300 ad
767 1250 879 1325 quem
912 1223 1109 1324 Pompeius
1144 1239 1293 1326 repente
1331 1250 1371 1299 se
1401 1225 1520 1325 erigit
1559 1226 1701 1327 legatus
1733 1283 1837 1302 .....

190 1359 293 1434 fuere
328 1415 621 1434 .............
635 1386 678 1435 us
712 1386 792 1437 esse
824 1371 1016 1436 contentus
1042 1359 1270 1437 adsentiente
1294 1373 1424 1461 patre⁰
1451 1360 1704 1438 adulescentes
1729 1362 1837 1438 Pom-

190 1494 272 1595 peio
304 1495 382 1570 dies
409 1551 608 1570 .........
622 1495 678 1571 nit
704 1492 832 1571 Cassio
841 1495 867 1569 ἰ.
919 1494 1084 1571 Tertium
1119 1510 1202 1598 post
1227 1496 1325 1573 diem
1352 1497 1551 1598 Pompeius
1576 1498 1754 1573 moriturc

190 1631 268 1705 eius
287 1631 399 1707 funus
420 1632 580 1733 populus
600 1631 835 1706 Romanusdl
856 1630 991 1707 dimit‘
1010 1643 1269 1734 mortuumque
1289 1658 1385 1709 unco
1408 1659 1627 1733 suspensum
1645 1636 1739 1734 perf
1757 1661 1837 1710 cae·

188 1792 278 1841 num
303 1769 447 1844 trahere
472 1795 547 1843 non
574 1766 730 1861 destitit,
764 1767 935 1843 omnibus
961 1768 1272 1845 consentientibus
1306 1767 1458 1870 dignam
1486 1768 1587 1844 caelo
1612 1796 1771 1870 poenam
1801 1784 1839 1847 et

188 1905 361 2004 perfidiae
402 1920 438 1980 et
469 1905 644 1979 avaritiae
679 1959 1022 1980 ...............
1030 1923 1048 1974 c
1078 1906 1228 1981 tandem
1261 1905 1490 2007 expendisse.
1529 1905 1594 1980 sed
1627 1907 1776 2009 patresl
1802 1921 1838 1984 et

187 2041 325 2117 tribuni
343 2068 509 2143 repressa
531 2040 767 2116 multitudine
793 2040 968 2117 oadaver‘
987 2069 1097 2144 super
1122 2042 1196 2118 inci
1210 2097 1458 2118 ...........
1472 2040 1542 2116 bus
1567 2045 1737 2119 tramit..
1754 2102 1762 2118 .
1778 2102 1786 2118 .
1803 2102 1811 2118 .
1827 2101 1836 2119 .
1856 2073 1930 2130 ⁴001,
1943 2083 1967 2129 2,

185 2232 360 2254 ........
387 2178 426 2251 in
452 2176 660 2251 lecticulam
686 2176 889 2277 vulgariter
911 2204 995 2253 eum
1021 2179 1159 2253 elatum
1185 2177 1397 2279 sepulturae
1423 2179 1559 2254 datum.

338 2314 580 2414 Pompeianos
608 2311 784 2390 Octavius
810 2315 850 2388 in
876 2342 944 2390 sua
969 2329 1089 2391 castra
1114 2314 1273 2390 traducit
1299 2327 1335 2390 et
1359 2315 1484 2415 copias
1510 2314 1682 2390 Metellus
1707 2330 1835 2393 contra

186 2451 342 2527 Cinnam
372 2451 595 2553 produxerat
604 2452 624 2544 ἰ,
655 2475 739 2524 cum
770 2451 905 2526 milites
937 2464 1087 2553 repente
1113 2506 1287 2525 ........
1294 2452 1310 2503 ¹⁶
1334 2451 1420 2526 totis
1446 2451 1606 2526 clamore
1633 2453 1835 2528 exercitum

185 2587 325 2662 Cinnae
352 2588 515 2663 salutant
539 2612 583 2662 ao
609 2586 865 2662 resalutantur.
906 2589 1054 2664 tenitus
1079 2611 1242 2661 renova
1267 2586 1440 2662 Metellus
1466 2587 1666 2662 exercitum
1692 2589 1834 2664 reducit

185 2738 294 2823 atque
316 2725 395 2825 ipse
420 2725 516 2799 inter
533 2724 670 2824 primos
691 2708 739 2799 ad
753 2723 910 2799 Cinnam
937 2725 983 2800 de
998 2749 1090 2826 pace
1111 2724 1275 2825 legatum
1296 2722 1435 2798 mittitl.
1466 2723 1512 2798 de
1536 2779 1641 2798 .....
1666 2750 1833 2826 regresso

184 2861 315 2937 Crasso
349 2861 475 2961 fugaci
485 2864 505 2934 ἰ.
548 2873 701 2962 urgente
739 2886 824 2935 eum
855 2860 1005 2935 Metello
1042 2886 1127 2937 cum
1162 2915 1289 2935 ......
1326 2884 1391 2936 cur
1431 2860 1510 2960 ipse
1552 2859 1718 2936 sileretl?

183 2999 334 3098 quaerit.
381 2995 500 3071 Cinna
525 2996 669 3072 nullam
695 2997 740 3072 ed
755 3053 764 3071 .
779 3054 788 3074 .
804 3054 812 3071 .
828 3054 837 3072 .
851 3023 911 3072 ere
936 3010 1060 3073 tamen
1087 3023 1126 3072 se
1152 2995 1261 3073 cede²
1271 3052 1471 3072 .........
1478 3014 1502 3050 '¹⁸

334 3131 498 3208 Fimbria
523 3133 663 3234 proelio
694 3133 889 3210 infeliciter
914 3134 1057 3210 devicto
1083 3159 1203 3234 neque
1228 3134 1366 3228 occis0,
1401 3160 1486 3211 cum
1511 3148 1547 3211 et
1573 3136 1651 3235 ipse
1678 3189 1830 3208 .......

775 3631 919 3691 BELLUM
946 3631 1239 3693 fflrflffluxxlcuu.
1849 3655 1959 3708 AM.

1879 3729 1939 3777 sss.

952 3814 1059 3892 VHI.

182 3957 207 4031 ‘.
223 4014 231 4030 ι
247 4012 255 4030 ·
271 4011 279 4029 ο
294 3966 413 4030 castra
434 4002 963 4026 ‚‚‚‚‚‚‚‚‚‚‚‚‚‚‚‚‚‚‚‚‚‚
983 3951 1136 4052 Dorylai
1143 3968 1171 4022 a.
1199 3949 1403 4025 Archelaus
1425 4002 1806 4023 ··················
1814 3966 1829 4001 ⁰
1848 3972 1912 4026 'sol
1926 3981 1972 4027 rr.

346 4144 384 4163 ..
411 4112 481 4162 nus
527 4083 631 4160 Sulla
668 4085 833 4161 Athenas
872 4113 1040 4164 reversus
1087 4087 1124 4161 in
1163 4085 1348 4188 principes
1387 4084 1577 4162 seditionis
1623 4098 1659 4160 et
1698 4084 1828 4160 noxios
1846 4108 1909 4164 ·f01.
1923 4109 1954 4163 τ’.

267 4265 296 4333 o)
314 4265 356 4316 ito
372 4262 446 4328 forte
464 4257 640 4311 scoacum.
719 4256 748 4324 b)
770 4259 842 4310 locos
859 4258 936 4310 ualde
954 4264 1103 4324 corruptus.
1192 4257 1218 4325 σ)
1241 4259 1280 4310 εἰσ
1298 4259 1371 4325 ἰσρσς
1393 4259 1462 4311 ideas
1481 4259 1593 4310 σοσίσσίἰ
1612 4257 1651 4309 Μ.
1735 4258 1765 4323 d)
1786 4259 1828 4308 tto

179 4363 289 4415 coniitia
308 4355 444 4424 lependom
463 4369 529 4406 esse.
594 4354 622 4418 e)
641 4352 750 4420 diripuit
766 4353 847 4405 scribi
865 4352 937 4406 tutet
955 4353 995 4404 Μ.
1057 4354 1087 4420 s)
1104 4368 1173 4405 unco
1191 4369 1348 4420 suspensum
1365 4369 1412 4420 per
1430 4353 1470 4404 Μ.
1531 4353 1561 4420 9)
1579 4354 1652 4404 locos
1669 4360 1826 4419 corruptam

180 4474 214 4509 oo
233 4453 370 4522 lepecdom
387 4455 519 4500 mortuum
541 4485 565 4498 ..
585 4449 613 4498 ‚l
706 4447 736 4515 ἰ)
759 4449 800 4499 tto
817 4448 929 4514 scripsi,
953 4464 1015 4499 nom
1032 4449 1118 4514 primo
1137 4449 1241 4517 quidem
1258 4447 1306 4500 ἰσσ
1324 4448 1434 4498 litteras
1452 4447 1480 4498 in
1498 4447 1586 4499 σοιίἰσσ
1605 4461 1645 4499 me
1664 4448 1760 4513 lapisto
1778 4463 1828 4513 ps-

181 4548 284 4602 totum:
305 4540 464 4614 Pellana,
484 4543 553 4612 quod
569 4543 627 4594 site
645 4541 724 4594 dubio
740 4541 920 4610 recipiendam
939 4548 990 4594 est.
1073 4542 1097 4610 i)
1118 4544 1157 4596 σίσ
1174 4542 1346 4597 scribendum.
1435 4538 1463 4607 k)
1487 4540 1623 4593 ordinibus
1640 4542 1769 4608 proposit
1787 4541 1826 4593 H.

180 4645 206 4710 ἰ)
222 4646 264 4696 tto
281 4641 400 4695 coniicio.
475 4641 513 4705 m]
536 4653 571 4689 on
589 4638 809 4704 temperaturum?
887 4639 919 4702 n)
941 4638 980 4689 σίσ
997 4639 1065 4706 ispo.
1144 4637 1173 4706 o)
1196 4639 1250 4690 lom
1268 4653 1335 4705 osae
1352 4637 1457 4704 nuqua
1475 4642 1516 4688 est
1533 4635 1611 4688 totu
1627 4636 1743 4703 popinae
1761 4652 1827 4702 pars

180 4739 264 4792 ansts
280 4740 340 4808 sm
358 4751 439 4788 noco
456 4741 507 4787 est.

244 4857 277 4942 1)
305 4856 362 4922 cfr.
376 4851 492 4940 Vollcj.
508 4852 554 4936 ΙΙ,
573 4852 628 4916 21:
656 4852 711 4919 Ca
734 4851 903 4938 Pompeios
924 4849 976 4917 dc-
1026 4851 1142 4918 attolat.
1168 4848 1253 4916 Vide
1268 4850 1365 4917 etism
1379 4849 1542 4918 Plutarch.
1557 4850 1671 4939 Pomp.
1687 4870 1757 4936 cap.
1774 4850 1802 4913 1.

179 4969 271 5038 cesst't
295 5013 428 5032 .......
457 4962 659 5052 populusque
687 4961 850 5029 Romanos
880 4982 976 5048 qaam
1087 4959 1122 5048 2)
1149 4959 1208 5027 cfr.
1229 4958 1371 5050 Appian.
1390 4959 1412 5025 l.
1434 4981 1462 5025 o.
1481 4960 1509 5045 1,
1528 4959 1586 5046 ‘103
1607 4957 1769 5028 Plutarch.
1789 4956 1822 5021 in

178 5083 248 5147 otoo
268 5073 469 5143 iracundum
496 5072 644 5140 dobaerm
668 5072 704 5138 in
725 5094 838 5160 corpas
858 5071 978 5138 mortui
1023 5056 1127 5138 Mario
1148 5069 1281 5159 oap.43.
