4644 6414
863 769 1112 831 suessano.
1524 734 1527 740 ’
1761 742 1826 827 ΠΙ

163 1013 272 1095 quae
298 985 402 1067 olim
433 985 734 1094 quaterniones
764 983 1108 1066 1011116111Σῃῑιω
1134 984 1289 1092 integri
1316 981 1476 1065 codicis
1504 982 1615 1093 Spurii
1637 987 1723 1067 iarn
1752 985 1825 1067 de-

159 1130 332 1241 perditi,
365 1141 414 1214 ut
438 1131 622 1231 videtur,
654 1125 914 1232 efficiebant,
941 1128 1211 1214 latitudinem
1238 1128 1441 1213 habentia
1465 1131 1674 1239 pollicum
1700 1131 1819 1214 Pari·

159 1278 365 1362 siensium
391 1301 478 1377 sex,
504 1274 777 1359 altitudinem
797 1303 899 1359 vero
923 1279 977 1376 81
995 1304 1132 1387 usque
1151 1275 1206 1361 ad
1234 1279 1304 1380 81,
1332 1303 1512 1386 quorum
1536 1306 1683 1388 margo
1706 1290 1823 1361 exte-

157 1428 243 1510 rior
258 1422 507 1532 saepissime
522 1422 700 1529 avulsus
720 1432 799 1526 est,
819 1422 953 1506 semel
973 1424 1103 1507 etiarn
1120 1423 1295 1507 interior
1314 1421 1587 1508 desideratur.
1621 1421 1824 1509 Continet

159 1570 421 1657 Homilias
463 1569 669 1678 quasdam
711 1570 850 1654 sancti
891 1564 1277 1679 Chrysostomi,
1323 1596 1454 1653 manu
1492 1570 1652 1655 saeculi
1691 1572 1824 1655 unde-

160 1721 261 1802 cimi
287 1714 423 1826 Syriis
457 1714 610 1800 litteris
641 1717 925 1826 conscriptae,
955 1712 1038 1799 sub
1069 1715 1227 1826 quibus
1257 1723 1403 1799 tamen
1438 1716 1694 1801 adiumentis
1723 1720 1824 1803 che-

160 1866 283 1948 micis
315 1860 520 1946 adhibitis
552 1863 661 1948 aliae
697 1863 929 1973 scripturae
972 1872 1016 1946 et
1047 1859 1185 1944 multo
1219 1860 1391 1969 quidem
1425 1867 1680 1949 vetustiores
1715 1867 1822 1950 duae

161 2017 458 2123 apparuerunt.

312 2154 502 2258 Quarum
527 2153 705 2237 alteram
729 2151 883 2237 litteris
917 2179 1026 2262 quas
1050 2150 1199 2233 dicunt
1223 2153 1405 2236 crnsivis
1431 2154 1602 2237 saeculo
1630 2164 1678 2237 ut
1703 2156 1821 2238 vide-

161 2315 229 2387 tur
256 2305 407 2413 quinto
433 2311 648 2386 exaratam
661 2310 687 2405 ¹,
713 2297 1055 2385 Grammatici
1080 2296 1301 2380 cuiusdam
1313 2297 1458 2382 Latini
1482 2300 1722 2410 fragmenta
1748 2330 1821 2383 ex·

161 2449 307 2535 hibere
332 2453 419 2535 iam
445 2476 496 2533 ea
527 2475 579 2532 ex
604 2456 811 2559 repetet,
843 2443 961 2555 quod
993 2443 1101 2528 duae
1128 2442 1281 2529 saltem
1307 2447 1489 2557 paginae
1514 2448 1645 2530 hosce
1671 2448 1821 2531 titulos

163 2596 412 2682 ostendunt:
446 2598 513 2678 De
537 2593 651 2679 Verbo
675 2604 721 2680 et
744 2599 812 2679 De
830 2590 1026 2678 Aduerbio.
1063 2586 1272 2691 Quisnam
1297 2617 1397 2676 vero
1424 2604 1571 2678 auctor
1597 2594 1670 2678 1116
1696 2595 1822 2678 fuerit

161 2747 426 2856 ignoramus,
456 2768 590 2853 quum
620 2742 807 2825 nominis
838 2740 932 2825 eius
962 2738 1147 2849 vestigia
1178 2740 1373 2851 indagari
1396 2767 1608 2850 nusquam
1642 2744 1820 2852 possint.

161 2891 389 2974 Attamen
415 2887 531 2973 haud
556 2915 737 2999 magnae
761 2886 887 2971 illum
911 2886 1176 2972 auctoritatis
1205 2914 1299 2971 esse
1325 2885 1424 2971 inde
1445 2886 1570 2970 facile
1593 2888 1822 2998 colligitur,

162 3037 276 3147 quod
316 3045 427 3121 teste
459 3034 511 3120 V.
545 3031 611 3120 Ol.
645 3033 845 3120 Eduardo
876 3032 1008 3138 Boua,
1053 3034 1128 3144 qui
1160 3035 1410 3145 scriptorem
1444 3042 1638 3116 nostrum
1675 3035 1821 3144 paullo

163 3183 403 3267 accuratius
426 3181 616 3292 inspexit
641 3228 699 3244 -
726 3210 829 3269 nam
854 3183 939 3293 ipsi
959 3180 1121 3267 Granio
1145 3191 1315 3265 tantum
1340 3180 1619 3265 adtendentes
1645 3184 1819 3265 nonnisi

164 3330 300 3415 obiter
324 3327 449 3414 illurn
475 3330 752 3415 tractavimus
777 3374 836 3391 --
859 3327 1084 3413 Juvenalis
1109 3339 1261 3439 poetae
1287 3338 1331 3412 et
1350 3327 1558 3414 Martialis
1585 3356 1741 3412 nomen
1766 3328 1822 3412 ab

163 3489 335 3563 auctore
366 3478 451 3561 isto
480 3475 717 3562 laudantur.
768 3473 866 3577 Qua
898 3503 951 3560 ex
975 3503 1020 3560 re
1052 3485 1097 3559 et
1127 3485 1228 3586 post
1251 3476 1421 3560 initium
1456 3475 1615 3559 saeculi
1647 3477 1822 3559 secundi

164 3654 260 3708 eum
287 3625 510 3736 scripsisse
534 3635 577 3709 et
601 3620 773 3708 saeculo
800 3624 950 3733 quinto
975 3625 1251 3709 recentiorem
1277 3651 1365 3708 non
1389 3623 1523 3707 fuisse
1549 3625 1750 3733 sequitur.

314 3771 462 3857 Tertia
499 3770 683 3882 denique
719 3768 928 3880 scriptura
959 3769 1127 3857 duabus
1165 3768 1514 3855 antecedentibus
1547 3769 1676 3881 longe
1711 3774 1822 3855 anti·

166 3919 288 4027 quior
313 3915 477 4004 Grani
500 3916 768 4002 Liciniani
796 3915 1030 4000 Annalium
1055 3916 1344 4002 Romanorum
1375 3916 1613 4030 fragmenta
1638 3918 1822 4021 exhibet,

165 4063 318 4149 litteris
350 4063 600 4150 maiusculis
632 4062 885 4173 conscripta
937 4061 1142 4175 Singulae
1167 4064 1349 4175 paginae
1374 4063 1488 4150 binis
1515 4066 1727 4150 columnis
1749 4094 1824 4148 ex·

165 4223 306 4295 metae
330 4211 486 4322 viginti
517 4220 700 4321 quatuor
727 4234 876 4294 versus
901 4209 1124 4296 continent
1155 4211 1329 4323 suisque
1353 4211 1493 4297 titulis
1517 4213 1622 4297 olim
1650 4224 1824 4297 ornatae

166 4368 305 4460 erant,
335 4357 409 4469 qui
441 4367 587 4442 tamen
619 4353 747 4441 hodie
780 4384 869 4441 non
901 4383 1050 4441 onmes
1084 4357 1270 4442 discerni
1300 4369 1493 4468 possunt.
1552 4358 1635 4445 sed
1668 4360 1723 4444 de
1755 4362 1824 4446 his

165 4507 346 4617 aliisque
384 4528 494 4614 quae
532 4503 618 4588 huc
656 4513 856 4613 spectant
894 4502 996 4589 iarn¹
1014 4504 1292 4614 sequentibus
1333 4505 1544 4615 capitibus
1583 4509 1823 4594 accuratius

166 4650 292 4742 nobis
316 4649 621 4762 disputandum
644 4649 736 4735 erit

263 4830 294 4907 1)
320 4827 393 4888 Vide
411 4829 568 4906 scripturae
585 4825 728 4903 specimen
748 4825 778 4885 in
797 4827 854 4885 tine
871 4823 936 4884 libri
955 4823 1123 4884 subiectum.
