4644 6414
651 1435 1296 1570 PRAEFATIO.

543 2103 589 2162 DE
613 2102 722 2163 carm
744 2104 841 2165 LIBRI
863 2103 965 2165 Manu
988 2102 1115 2164 ὃῦΒΙΙΥΓ
1117 2105 1127 2162 1
1149 2102 1402 2164 mutuatione.

294 2194 577 2337 Auctumno
604 2254 707 2338 anni
729 2257 837 2341 1853
870 2284 1004 2367 quum
1026 2250 1221 2338 Guoaerus
1248 2251 1456 2336 Humrrcus
1481 2262 1602 2362 pater
1617 2252 1802 2337 Londini

147 2428 315 2483 mecum
338 2401 384 2484 in
397 2398 546 2483 Museo
572 2398 818 2486 Britannico
843 2402 978 2487 libros
1003 2428 1135 2484 manu
1161 2400 1344 2510 scriptos
1370 2395 1425 2481 ad
1449 2397 1672 2483 historiam
1694 2397 1802 2485 Ger-

145 2548 311 2630 maniae
331 2546 593 2658 pertinentes
613 2546 839 2654 evolveret,
865 2548 1022 2633 accidit
1039 2556 1090 2630 ut
1109 2544 1161 2630 V.
1183 2542 1248 2630 Ol.
1267 2543 1428 2629 Paulus
1447 2541 1666 2628 Borrrcuna
1691 2545 1801 2630 Phil.

143 2693 216 2777 Dr.
243 2695 317 2804 qui
343 2693 493 2777 eodem
518 2704 710 2805 tempore
735 2693 895 2778 ibidem
916 2694 1063 2806 Syrios
1090 2693 1259 2777 codices
1284 2689 1506 2794 tractabat,
1531 2689 1688 2775 librum
1709 2722 1801 2779 sae-

144 2840 241 2924 culo
267 2839 493 2924 undecimo
520 2843 811 2952 conscriptum
836 2840 963 2926 uobis
994 2841 1194 2946 adferret,
1229 2867 1357 2950 quem
1387 2840 1433 2920 in
1460 2837 1656 2951 catalogo
1681 2837 1800 2926 MSS.

143 2986 412 3098 palimpsesti
430 2989 603 3072 nomine
624 2990 842 3099 signatum
856 2989 1077 3073 invenerat
1095 2997 1139 3071 et
1155 3016 1282 3098 quem
1304 2986 1537 3095 scripturae
1557 2988 1801 3070 vetustioris

143 3161 286 3218 erasae
311 3135 496 3247 vestigia
528 3132 737 3245 quaedam
770 3134 969 3220 exhibere
994 3135 1246 3220 adfirmavit.
1298 3130 1394 3235 Quo
1425 3129 1535 3214 libro
1562 3136 1800 3217 accuratius

143 3280 355 3391 inspecte,
396 3311 497 3365 mox
530 3310 619 3367 non
654 3279 788 3366 semel
824 3283 1078 3394 rescriptum
1110 3310 1206 3367 esse
1244 3290 1289 3363 et
1315 3279 1557 3391 fragmenta
1589 3279 1713 3362 illum
1746 3281 1800 3363 ad

142 3426 363 3513 historiam
389 3428 625 3514 Romanam
658 3429 915 3539 pertinentia
940 3430 1157 3513 continere
1189 3437 1310 3539 pater
1341 3426 1572 3533 intellexit3
1605 3429 1800 3535 quamvis

143 3578 257 3660 enim
296 3577 521 3687 perpaucis
553 3586 723 3661 tantum
761 3574 869 3661 locis
903 3577 1137 3688 scripturae
1175 3575 1393 3686 specimen
1424 3572 1608 3656 discerni
1641 3585 1799 3683 posset,

142 3733 287 3808 tamen
326 3721 506 3807 vocibus
548 3727 773 3806 SULLANI
812 3734 856 3807 et
889 3725 1224 3822 CAPITOLIUM,
1265 3720 1446 3830 denique
1481 3722 1799 3799 SACERDOTIO

142 3867 332 3945 MARTIS
364 3871 435 3955 vel
468 3868 596 3955 nudis
628 3869 766 3954 oculis
798 3871 1088 3984 investigatis,
1122 3870 1371 3953 historicum
1398 3866 1639 3951 Romanum
1667 3897 1799 3977 quen-

142 4013 242 4098 dam
266 4013 416 4102 adesse
442 4017 628 4102 dubitari
653 4046 741 4101 non
766 4026 943 4129 poterat.
992 4017 1052 4102 At
1073 4045 1174 4102 vero
1201 4028 1305 4100 tune
1330 4016 1536 4124 temporis
1562 4015 1799 4098 accuratius

143 4160 333 4246 codicem
359 4164 571 4249 tractandi
596 4166 866 4250 occasionem
890 4175 1044 4250 nactus
1068 4192 1158 4249 non
1183 4173 1270 4271 est,
1294 4191 1395 4246 nam
1421 4171 1466 4244 et
1489 4160 1581 4246 dies
1606 4189 1692 4272 quo
1717 4160 1799 4243 Be-

141 4307 328 4393 rolinum
351 4308 486 4394 redire
522 4310 606 4398 sibi
636 4322 917 4425 proposuerat
940 4312 1132 4423 proxime
1157 4308 1373 4414 adstabat,
1407 4335 1546 4418 neque
1570 4309 1798 4418 reagentiis

142 4466 191 4539 ut
220 4455 370 4540 dicunt
403 4455 606 4542 chemicis
638 4458 775 4544 ullum
808 4458 967 4544 librum
999 4470 1191 4571 tangere,
1221 4458 1307 4542 nisi
1337 4453 1513 4567 speciali
1547 4451 1799 4539 (iuratorum

143 4592 281 4687 Musei
305 4600 541 4687 Britannici
564 4607 816 4691 auctoritate
840 4607 1051 4691 instructo
1077 4603 1318 4690 concedunt
1341 4603 1471 4716 leges.

293 4747 444 4861 Itaque
475 4778 609 4862 quum
640 4780 752 4838 anno
789 4755 897 4839 1855
936 4759 1116 4837 exeunte
1150 4752 1305 4836 iterum
1334 4749 1522 4836 Londini
1553 4765 1798 4858 moraretur,

144 4896 310 4980 veniam
344 4894 466 4981 illam
503 4910 656 4984 nactus
690 4909 810 5010 pater
841 4897 990 4985 decem
1021 4897 1109 4984 fere
1137 4896 1249 5003 dies,
1288 4895 1445 4982 iudea
1476 4907 1596 4984 sexto
1632 4899 1797 4985 decimo

144 5038 342 5128 Octobris
382 5071 519 5155 usque
560 5045 615 5131 ad
648 5044 779 5132 finem
816 5045 1008 5132 eiusdem
1040 5045 1220 5148 mensis,
1260 5045 1305 5128 in
1339 5041 1619 5131 describendo
1651 5047 1796 5132 codice

1425 5217 1449 5266 8
