4644 6414
326 688 476 775 XVIII
1021 718 1278 779 enarratio.

327 939 454 1018 etiam
480 935 611 1019 verba
641 937 685 1016 in
711 932 962 1040 fragmentis
996 933 1261 1015 occurruntt¹
1298 935 1365 1014 De
1388 932 1590 1015 >orditum
1622 946 1658 1013 et
1679 931 1891 1013 mauritta
1914 960 1986 1013 aa·

84 1101 86 1108 '
157 1150 158 1154 ,
326 1083 514 1193 marisque
554 1081 716 1164 triduam
748 1090 861 1188 atque
890 1079 1051 1160 militam
1085 1081 1162 1160 iam
1193 1080 1235 1160 in
1265 1078 1465 1187 prioribus
1497 1077 1606 1160 libris
1639 1080 1741 1175 diai3
1777 1107 1907 1161 voum
1937 1080 1989 1160 de-

328 1228 515 1339 cqailidus
540 1257 616 1309 noo
641 1228 825 1320 amttam,
853 1253 945 1334 quos
964 1226 1207 1336 ⁴Tarquinius
1231 1227 1286 1307 ilo
1311 1227 1522 1323 coustituit,
1547 1240 1590 1308 al
1614 1237 1694 1309 etc.
1739 1222 1906 1325 Quibus
1929 1253 1985 1307 ex

327 1373 470 1459 verbis
504 1374 739 1485 colligitur,
780 1369 988 1455 Granium
1022 1383 1215 1468 nostrum
1254 1373 1300 1453 in
1335 1371 1548 1480 prioribus
1583 1370 1703 1455 libris
1736 1400 1803 1455 res
1838 1382 1983 1482 gestas

325 1549 475 1632 regum
501 1521 788 1603 Romanorum
822 1547 1059 1620 enarrasse,
1092 1518 1136 1600 id
1165 1517 1279 1626 quod
1313 1519 1398 1600 iam
1431 1547 1484 1600 ex
1515 1519 1610 1627 ipso
1642 1548 1818 1603 numero
1851 1519 1985 1602 libro*

326 1696 421 1750 rum
456 1695 565 1776 quos
598 1667 853 1774 conscripsit
891 1664 1278 1748 verisimillimum
1309 1675 1387 1746 est
1450 1665 1562 1748 Nam
1596 1665 1716 1748 libris
1750 1665 1984 1750 Annalium

327 1817 734 1894 XXVlH-—XXXVI
768 1840 900 1920 quum
933 1840 1069 1894 annos
1098 1840 1134 1893 a
1154 1811 1206 1894 U.
1227 1839 1262 1893 c.
1286 1814 1540 1915 ssa-676,
1580 1813 1664 1896 boc
1701 1825 1768 1896 est
1801 1825 1986 1925 quatuor

328 1972 371 2042 et
395 1962 617 2069 octogiuta
642 1986 788 2061 annos,
815 1958 1066 2041 absolverit:
1092 1957 1244 2040 borum
1271 1986 1382 2040 unus
1407 1961 1589 2068 quisque
1613 1988 1769 2042 novem
1793 1960 1879 2044 fere
1905 1990 1982 2043 an·

326 2135 478 2188 norum
506 2108 690 2214 spatium
717 2105 1025 2213 complectitur.
1081 2104 1140 2186 Et
1166 2105 1222 2207 si,
1261 2105 1375 2214 quod
1409 2104 1524 2187 haud
1555 2106 1838 2215 improbabile
1863 2106 1991 2190 vida·

328 2266 415 2354 tur,
459 2254 706 2360 scriptorem
750 2265 944 2335 nostrum
986 2281 1052 2335 res
1089 2280 1168 2334 sua
1206 2263 1344 2335 aetate
1380 2262 1525 2362 gestas
1564 2255 1712 2363 paullo
1743 2255 1982 2338 accuratius

328 2402 577 2481 tractavisse
604 2427 733 2509 quam
759 2402 993 2482 vetustiora
1019 2401 1259 2503 statuimus,
1285 2402 1329 2481 in
1356 2397 1477 2481 libris
1498 2401 1711 2510 prioribus
1737 2406 1983 2502 l-xxvu,

328 2545 412 2626 iam
435 2545 684 2658 deperditis,
717 2576 784 2629 res
808 2547 1023 2629 Romanas
1049 2547 1149 2630 inde
1174 2547 1230 2630 ab
1256 2548 1378 2629 initio
1404 2545 1530 2629 facile
1556 2576 1797 2656 percurrere
1823 2550 1983 2658 potuit3

328 2720 428 2774 nam
455 2696 492 2776 si
511 2721 648 2776 annos
661 2697 745 2776 590
770 2696 925 2803 viginti
946 2705 1110 2802 septem
1131 2693 1252 2783 libris
1275 2692 1556 2791 distribueris,
1583 2697 1738 2804 viginti
1752 2696 1859 2779 ferre
1879 2696 1982 2780 anni
2080 2771 2081 2775 Ν

329 2839 512 2949 singulis
538 2839 753 2923 tribuendi
779 2851 891 2924 sunt.
1899 2908 1904 2917 ·

481 2986 563 3071 Sed
596 2987 649 3070 de
680 2989 814 3072 altero
844 2987 1076 3070 Annalium
1110 2988 1292 3070 termino
1327 2985 1431 3096 quid
1463 2995 1702 3071 statuamus
1734 2989 1817 3071 etsi
1838 2990 1991 3072 miuus.

329 3145 514 3239 constat,
546 3145 691 3218 tamen
717 3134 925 3220 Granium
957 3143 1150 3216 nostrum
1184 3144 1259 3217 aut
1284 3132 1337 3218 G.
1363 3132 1484 3216 Julio
1510 3129 1691 3217 Caesare
1717 3137 1878 3239 occiso,
1909 3146 1990 3220 aut·

327 3279 499 3362 demum
531 3293 631 3390 post
655 3282 877 3364 Actiacam
905 3282 1134 3365 victoriam,
1160 3278 1384 3363 scribendo
1410 3279 1539 3362 finem
1568 3282 1825 3390 imposuisse
1851 3284 1985 3366 conii-

328 3454 421 3509 csre
453 3428 565 3510 licet
622 3425 693 3511 Ab
725 3430 842 3511 exitu
873 3429 988 3511 enim
1020 3428 1069 3511 L.
1096 3424 1265 3511 Comel.
1299 3424 1463 3530 Sullae,
1482 3430 1588 3511 ⁴sire
1621 3457 1649 3509 a
1679 3426 1795 3511 bello
1819 3428 1984 3539 Lepidi,

327 3575 543 3685 usquead
570 3587 751 3658 mortem
778 3572 973 3659 Caesaris
999 3576 1099 3658 anni
1126 3575 1367 3684 effugerunt
1397 3576 1471 3676 33,
1498 3602 1606 3683 quos
1632 3604 1710 3684 pro
1735 3578 1898 3660 ratione
1922 3604 1989 3686 aa,

329 3749 456 3832 quam
484 3750 612 3833 supra
637 3723 924 3832 exposuimus,
950 3731 1133 3833 quatuor
1152 3717 1274 3804 libris
1296 3718 1484 3806 Granius
1507 3720 1634 3804 facile
1653 3723 1881 3832 complecti
1904 3753 1985 3834 ρο·

327 3879 446 3953 terat.
512 3870 607 3953 Hoc
642 3881 785 3954 autem
819 3869 856 3951 si
889 3871 1155 3973 conceditur,
1188 3867 1380 3952 Annales
1406 3869 1498 3951 eius
1524 3869 1681 3978 integri
1705 3871 1992 3983 quadraginta

329 4017 432 4100 olim
458 4016 593 4099 libros
619 4015 907 4120 continebant,
934 4017 1049 4127 quod
1076 4002 1262 4128 quidem,
1287 4015 1332 4096 ni
1358 4012 1496 4116 fallor,
1522 4017 1661 4126 magis
1687 4016 1831 4125 placet
1855 4046 1985 4130 quam

328 4165 461 4250 altera
486 4164 563 4247 illa
588 4167 848 4266 coniectura,
882 4192 934 4247 ex
959 4192 1047 4274 qua
1078 4162 1134 4248 ad
1165 4189 1356 4273 pugnam
1382 4189 1517 4271 usque
1543 4159 1764 4247 Actiacam
1789 4176 1985 4249 nostrum

328 4312 587 4423 processisse
621 4311 893 4393 statuendum
920 4312 1047 4413 foret,
1081 4338 1214 4419 quum
1238 4307 1294 4391 ad
1321 4308 1408 4390 tale
1433 4309 1655 4419 negotium
1680 4311 1983 4421 perficiendum

328 4464 379 4543 41
415 4460 568 4542 saltem
603 4457 725 4540 libris
755 4485 864 4566 opus
898 4459 1062 4541 fuisset.
1120 4453 1263 4557 Quare
1297 4483 1378 4538 nos
1412 4455 1584 4566 quidem
1615 4455 1750 4542 Grani
1775 4459 1993 4542 Liciniani

328 4605 519 4690 Annales
544 4604 600 4688 ab
625 4603 742 4687 Urbe
768 4603 941 4688 condita
964 4631 1099 4714 usque
1125 4602 1179 4684 ad
1207 4629 1368 4685 annum
1397 4605 1479 4686 709
1503 4601 1564 4712 (a
1587 4601 1684 4688 Chr.
1710 4633 1751 4688 n.
1774 4603 1855 4714 45)
1885 4635 1992 4716 pro-³

328 4754 480 4837 ductos
504 4753 638 4835 fuisse
663 4750 884 4833 credimus.

424 4933 454 5008 1)
479 4930 527 4991 sot
545 4925 589 4993 11‘
610 4931 662 4990 col.
675 4932 702 4990 A
717 4942 787 4989 extr.
802 4947 863 5006 sqq⁴
885 4929 966 5006 (pag.
980 4929 1027 5004 4).
