4644 6414
326 682 369 767 Π
1022 712 1274 775 cesarano.

328 927 605 1034 consumpsit,
627 925 860 1034 codemque
887 926 1091 1034 temporis
1117 928 1255 1036 spatio
1277 925 1477 1010 foliorum
1489 923 1594 1011 VIII
1615 929 1721 1010 recti
1740 937 1789 1009 et
1807 925 1829 1009 I
1850 929 1983 1011 versi¹

326 1071 555 1154 maximam
588 1082 770 1181 partem,
805 1069 899 1152 folii
924 1099 1025 1154 vero
1052 1069 1116 1156 IV
1145 1074 1280 1156 versi‘z
1308 1071 1472 1186 aliquot
1507 1071 1660 1157 saltem
1701 1072 1913 1157 vocabula
1946 1085 1990 1157 et

328 1217 593 1328 singularum
631 1229 847 1327 praeterea
889 1218 1141 1328 paginarum
1182 1217 1352 1324 titulos,
1398 1247 1484 1330 qua
1524 1219 1635 1303 solet
1672 1217 1878 1330 religione
1922 1222 1988 1303 in-

326 1366 562 1474 vestigatos
596 1363 831 1475 descripsit.
891 1360 974 1447 Sed
1011 1362 1230 1449 absentiae
1257 1369 1383 1450 venia
1416 1367 1502 1450 iam
1533 1364 1586 1449 ad
1621 1365 1751 1449 finem
1785 1378 1986 1478 vergente

329 1514 373 1594 in
411 1511 591 1620 patriam
624 1537 835 1612 reversus,
876 1508 998 1612 feliet
1031 1539 1110 1595 ave
1140 1521 1389 1621 susceptum
1425 1516 1534 1622 opus
1568 1514 1650 1595 etsi
1690 1511 1985 1623 imperfectum

329 1657 563 1766 relinquere
589 1655 832 1765 cogebatur,
857 1667 1014 1762 tamen,
1035 1669 1084 1742 ut
1105 1655 1160 1740 ad
1179 1655 1294 1741 idem
1314 1656 1626 1745 absolvendum
1650 1659 1759 1743 alios
1779 1661 1987 1762 incitaret,

331 1806 475 1888 statim
500 1812 599 1912 post
625 1802 826 1905 reditum,
858 1801 927 1885 die
953 1807 1091 1914 prima
1115 1801 1372 1887 Novembris
1384 1813 1410 1910 ³,
1442 1803 1699 1892 Academiae
1723 1807 1882 1919 Regiae
1919 1837 1988 1891 so-

330 1950 499 2035 dalibus
527 1978 635 2058 quae
661 1949 1009 2059 transscripserat
1033 1950 1274 2060 fragmenta
1297 1951 1532 2060 proposuit.

481 2095 635 2179 Paucis
668 2095 822 2179 deinde
853 2095 1074 2179 mensibus
1107 2095 1266 2207 elapsis
1296 2094 1374 2181 ubi
1404 2105 1588 2207 patrem,
1627 2100 1701 2209 qui
1738 2126 1848 2180 unus
1881 2097 1989 2179 forte

330 2254 450 2328 tanto
476 2243 614 2327 labori
638 2273 715 2354 par
739 2253 823 2347 est,
851 2244 1045 2354 proximo
1072 2252 1263 2353 tempore
1289 2245 1335 2327 in
1359 2241 1564 2354 Angliam
1588 2245 1875 2355 profecturum
1902 2272 1990 2327 non

331 2419 424 2474 esse
458 2391 767 2494 intelleximus,
804 2417 860 2474 ne
893 2390 1173 2501 gravissimus
1209 2400 1358 2476 auctor
1387 2392 1500 2476 iusto
1532 2391 1693 2477 diutius
1724 2394 1772 2477 in
1805 2391 1988 2476 obscuro

330 2548 580 2640 remaneret,
614 2547 785 2622 nosmet
814 2539 934 2648 ipsos
966 2535 1020 2622 ad
1057 2537 1279 2648 negotium
1312 2536 1421 2623 illud
1447 2567 1524 2650 pro
1549 2539 1663 2623 virili
1684 2550 1805 2651 parte
1830 2538 1988 2650 produ·

331 2684 511 2768 cendum
534 2687 834 2769 succinximus.
861 2681 1012 2789 Quare,
1033 2683 1174 2769 Musei
1190 2682 1426 2770 Britannici
1445 2687 1602 2770 summi
1621 2687 1834 2771 antistites
1855 2714 1987 2797 quum

331 2833 527 2943 petitioni
551 2843 723 2915 nostrae
742 2832 1051 2916 humanissime
1070 2830 1302 2916 adsensum
1322 2832 1631 2944 praebuissent,
1660 2832 1851 2918 laborem
1881 2835 1989 2942 ipsis

330 2978 537 3064 Kalendis
558 2979 723 3062 Martiis
748 2980 850 3062 anni
872 2981 981 3064 1856
1006 2978 1255 3064 inchoatum
1281 2989 1327 3064 et
1350 3009 1440 3064 non
1461 2983 1554 3066 sine
1578 2979 1727 3064 multis
1752 2981 1989 3065 intervallis

330 3156 464 3239 usque
497 3127 551 3209 ad
583 3126 697 3210 diem
730 3125 1003 3210 undecimum
1043 3126 1204 3210 mensis
1237 3123 1268 3210 J
1269 3128 1360 3211 unii
1391 3128 1668 3239 productum,
1708 3127 1785 3212 illo
1814 3128 1989 3213 tandem

330 3290 521 3385 tempore
543 3272 723 3356 feliciter
748 3273 890 3384 quoad
912 3274 1024 3357 vires
1051 3271 1323 3358 sufficiebant
1347 3273 1626 3360 absolvimus.

481 3419 563 3503 His
583 3423 715 3532 igitur
741 3419 794 3505 de
823 3422 960 3532 prima
986 3419 1147 3504 codicis
1173 3420 1502 3533 investigatione
1524 3421 1790 3534 praemissis,
1823 3420 1909 3505 iam
1934 3417 1988 3502 ad

330 3564 659 3677 descriptionem
685 3570 824 3677 ipsam
848 3579 1126 3652 transeamus.

1020 3840 1213 3929 CAPUT
1244 3840 1299 3927 H.

960 4015 1174 4079 nascmmo
1203 4013 1359 4076 conos.

481 4165 616 4253 Grani
640 4166 852 4249 Liciniani
877 4165 1117 4276 fragmenta
1141 4192 1194 4249 ex
1217 4163 1476 4249 monasterio
1506 4171 1679 4246 sanctae
1704 4157 1864 4246 Mariae
1887 4162 1992 4247 Dei·

331 4342 475 4424 parae,
507 4313 622 4425 quod
654 4314 700 4395 in
725 4312 893 4395 deserto
918 4312 1082 4396 Nitriae
1107 4312 1162 4397 ad
1189 4311 1553 4422 septuagesimum
1583 4308 1697 4392 circa
1721 4307 1909 4420 lapidem
1933 4308 1990 4392 ab

330 4460 435 4544 urbe
461 4456 598 4564 Oair0,
624 4457 890 4544 occidentem
914 4488 1064 4545 versus
1087 4470 1131 4545 et
1157 4458 1501 4572 septentrionem,
1527 4455 1657 4539 situm
1681 4465 1759 4562 est,
1785 4483 1990 4540 unacum

330 4608 427 4692 aliis
460 4608 763 4717 manuscriptis
796 4635 973 4691 numero
1012 4608 1100 4692 fere
1131 4605 1379 4720 quingentis
1419 4630 1535 4687 anno
1568 4604 1678 4686 1847
1711 4602 1757 4686 in
1791 4600 1989 4687 Museum

330 4755 622 4840 Britannicum
655 4752 799 4838 delata
832 4763 944 4839 sunt
1011 4754 1302 4866 Amplectitur
1332 4760 1478 4837 autem
1509 4747 1646 4834 codex
1676 4749 1770 4856 ille,
1808 4775 1985 4833 numero

332 4903 525 5013 signatus
562 4906 730 5006 17212,
767 4902 929 4986 formae
962 4901 1191 5013 quadratae
1224 4898 1596 5001 membranaceus,
1632 4894 1739 4981 folia
1771 4893 1987 4999 tredecim,

427 5080 458 5156 1)
483 5077 543 5140 Clr.
563 5076 637 5138 infru
655 5083 862 5158 pagloetll.
940 5077 973 5158 2)
997 5078 1071 5140 infra
1089 5100 1155 5160 pag.
1164 5083 1212 5144 Ἃ.
1289 5073 1840 5158 a)Monatsberichtc1aac,pag.
1860 5075 1926 5137 668.
