4644 6414
1030 755 1286 817 PRAEFATIO.

820 1048 823 1056 .
1016 963 1209 1052 CAPUT
1235 965 1311 1050 ΙΠ.

867 1115 914 1174 uu
935 1113 1197 1228 uasrrruuoun
1220 1113 1454 1179 seraranan.

487 1265 634 1348 Trium
667 1265 814 1375 igitur,
856 1264 910 1347 de
943 1264 1100 1376 quibus
1132 1266 1339 1369 diximus,
1378 1262 1539 1347 codicis
1571 1263 1874 1373 scripturarum
1906 1289 1992 1343 una

335 1421 502 1494 tantum
544 1439 652 1522 quae
685 1407 984 1522 Chrysostomi
1024 1410 1224 1496 homilias
1254 1409 1389 1523 Syriis
1428 1407 1743 1495 characteribus
1776 1405 1991 1491 confectas

337 1558 509 1643 exhibet
542 1556 629 1668 legi
663 1566 846 1667 poterat,
879 1557 1047 1643 duabus
1080 1557 1385 1643 vetustioribus
1414 1565 1536 1643 tanta
1566 1554 1790 1667 diligentia
1814 1552 1991 1637 cultello

337 1705 485 1808 erasis,
519 1712 568 1786 ut
591 1702 810 1787 annalium
835 1714 948 1788 certe
973 1733 1001 1788 a
1026 1703 1186 1791 Granio
1212 1712 1359 1790 nostro
1386 1703 1673 1807 conditorum,
1708 1704 1745 1786 si
1780 1728 1993 1812 perpauca

337 1861 502 1936 tantum
537 1851 633 1934 loca
665 1851 870 1961 excipias,
905 1851 1089 1963 vestigia
1118 1852 1205 1938 fere
1228 1851 1350 1936 nulla
1373 1851 1528 1936 adsint.
1579 1846 1719 1951 Quare
1750 1846 1805 1932 ad
1829 1848 1992 1932 littera·

335 2030 427 2083 mm
454 1997 609 2081 ductus
637 1996 921 2082 restituendos
954 1997 1118 2108 liquore
1151 2001 1355 2109 ammonii
1380 1998 1619 2112 sulphurati
1643 2022 1749 2080 usus
1775 2023 1888 2100 sum,
1919 1995 1993 2106 qui

335 2148 445 2229 inter
474 2145 662 2228 remedia
693 2144 886 2229 chemioa
918 2173 1026 2257 quae
1064 2147 1262 2232 novimus
1294 2147 1439 2232 omnia
1468 2144 1595 2230 facile
1629 2143 1814 2254 primum
1847 2142 1990 2225 locum

336 2293 511 2395 obtinet,
544 2320 677 2402 quum
702 2302 746 2376 et
771 2291 896 2395 valde
921 2292 1074 2376 efficax
1100 2293 1157 2377 sit
1183 2322 1323 2406 neque
1347 2301 1494 2378 tamen
1518 2289 1788 2377 membranas
1813 2288 1992 2374 laedat¹.

334 2440 417 2523 Illo
449 2439 580 2550 igitur
613 2437 806 2522 adhibito
839 2440 993 2531 veteris
1029 2441 1262 2551 scriptmae
1294 2441 1449 2525 ductus
1482 2441 1627 2524 statim
1660 2464 1910 2549 apparuere,
1948 2446 1992 2519 et

336 2587 472 2697 primo
500 2585 670 2696 quidem
690 2585 950 2690 Licinianus,
975 2595 1069 2669 tum
1090 2588 1286 2698 sequenti
1310 2587 1515 2699 temporis
1540 2595 1758 2670 momento
1778 2611 1990 2697 gramma·

335 2737 465 2837 ticus,
499 2738 559 2816 ita
593 2742 640 2816 ut
665 2742 905 2844 opportimo
931 2735 1015 2817 isto
1043 2744 1234 2846 tempore
1260 2763 1349 2818 non
1373 2735 1672 2846 praetermisso
1700 2731 1894 2845 singulae
1918 2730 1990 2813 lit·

334 2893 447 2966 terae
472 2880 618 2991 paullo
644 2881 882 2965 accuratius
909 2880 1102 2994 indagari
1126 2890 1315 2994 possent.
1359 2881 1591 2993 Utriusque
1617 2882 1732 2964 enim
1759 2882 1991 2992 scripturae
2073 2997 2076 3000 ,

335 3029 478 3139 apices
501 3029 687 3112 restituti
713 3056 845 3140 quum
871 3027 1022 3112 eodem
1045 3029 1132 3113 fere
1158 3029 1300 3115 colore
1325 3029 1481 3114 imbuti
1506 3056 1601 3113 esse
1625 3027 1867 3134 videantur,
1902 3027 1990 3109 sin·

334 3175 425 3287 guli
451 3176 605 3260 ductus
630 3176 714 3258 utri
739 3177 1014 3285 potissimum
1037 3176 1253 3262 tribuendi
1278 3187 1423 3261 essent
1444 3176 1557 3260 hand
1579 3174 1706 3262 facile
1725 3186 1816 3261 erat
1834 3171 1989 3256 diiudi-

335 3354 440 3408 care.
497 3323 610 3406 Nam
643 3323 892 3432 saepissime
924 3325 1098 3408 alterius
1131 3351 1285 3408 manus
1317 3325 1502 3434 vestigia
1534 3322 1734 3434 religiose
1766 3322 1823 3409 ab
1855 3320 1989 3404 altera

333 3500 481 3583 pressa
507 3480 626 3572 sunt,
660 3496 740 3552 nec
763 3498 856 3553 raro
885 3469 1033 3584 Syrius
1059 3471 1188 3555 etiam
1223 3469 1363 3555 scriba
1387 3472 1531 3581 apices
1557 3498 1659 3554 suos
1685 3473 1912 3556 crassiores
1938 3495 1988 3548 ao

332 3619 559 3729 nigerrimo
585 3625 820 3701 atramento
846 3627 1040 3702 exaratos
1068 3647 1195 3731 super
1219 3616 1408 3702 inlinivit
1417 3624 1443 3699 ².
1500 3727 1503 3739 Ι

483 3762 543 3847 At
566 3762 800 3846 remedium
824 3764 933 3849 illud
955 3765 1206 3869 chemicum‚
1233 3763 1349 3876 quod
1368 3760 1655 3864 adhibuimus,
1680 3758 1737 3843 ad
1754 3761 1987 3873 scripturae

330 3911 643 3995 restitutionem
664 3909 778 3993 haud
799 3939 894 3995 raro
915 3913 1057 3996 minus
1076 3912 1268 3996 validum
1292 3939 1338 3995 se
1359 3909 1565 4021 praebuit
1603 3906 1776 3991 Etenim
1797 3909 1988 3991 omnium

330 4059 418 4142 fere
436 4057 637 4141 foliorum
659 4056 794 4140 altera
809 4059 969 4169 pagina
988 4061 1203 4144 ammonio
1225 4057 1477 4170 sulphurato
1496 4055 1667 4142 inlinita
1684 4055 1846 4166 perlegi
1865 4065 1988 4166 pote·

329 4217 414 4291 rat:
438 4203 573 4289 altera
596 4232 708 4309 vcro,
734 4213 778 4288 et
797 4233 849 4289 ea
868 4205 1041 4316 quidem
1061 4233 1171 4317 quae
1191 4206 1295 4289 olim
1322 4205 1438 4289 carni
1462 4204 1657 4315 proxima
1680 4202 1828 4307 fuerat,
1855 4230 1987 4314 quum

330 4352 500 4437 mollior
525 4362 640 4437 esset
663 4380 802 4463 neque
828 4352 966 4437 cultro
993 4352 1157 4437 scribae
1180 4353 1417 4457 resisteret,
1450 4349 1567 4434 haud
1593 4349 1727 4434 semel
1751 4348 1985 4432 litterarum

329 4500 512 4611 vestigia
535 4496 657 4582 nulla
673 4500 858 4584 retinuit.
897 4495 1038 4602 Quare
1057 4528 1204 4587 vereor
1225 4527 1280 4583 ne
1299 4499 1368 4584 his
1389 4499 1543 4582 saltem
1563 4499 1732 4610 paginis
1751 4494 1984 4580 remedium

330 4647 434 4731 satis
463 4645 615 4730 efficax
648 4645 801 4730 adferri
827 4659 1028 4759 nequeat,
1060 4647 1176 4761 quod
1209 4646 1306 4732 aliis
1333 4655 1446 4730 certe
1463 4646 1525 4730 -in
1556 4643 1665 4728 locis
1691 4671 1859 4727 summo
1886 4671 1982 4726 cum

424 4915 454 4992 1)
478 4912 549 4972 liius
567 4913 689 4974 formula
703 4914 829 4975 chemiea
848 4914 920 4975 haec
939 4922 994 4975 erte
1014 4914 1140 4976 N'H'S·
1161 4933 1236 4995 aqua
1255 4935 1287 4986 κς
1306 4912 1356 4975 cfr.
1370 4913 1454 4975 etiam
1475 4911 1591 4985 Perta,
1609 4908 1716 4970 Archiv
1730 4908 1782 4971 der
1796 4909 1986 4972 Gerellseheft

325 5019 371 5080 far
390 5017 478 5075 altere
497 5015 641 5075 Deutsehe
662 5015 927 5077 Geschichtskunde
946 5024 1014 5076 tour.
1031 5017 1056 5075 V
1074 5037 1140 5097 pag.
1153 5020 1219 5080 512.
1328 5016 1359 5092 2)
1383 5013 1456 5076 Vide
1475 5009 1632 5089 scripturae
1650 5010 1794 5089 specimen
1813 5011 1890 5090 quod
1909 5011 1982 5072 infra

326 5115 532 5178 subiunximus.
