4644 6414
399 727 457 809 44
964 747 1074 810 casu
1096 747 1265 810 cremum
1287 748 1357 810 na
1374 746 1498 808 xxxu.

1202 961 1251 1037 X.

269 1117 390 1170 'forna
458 1099 492 1174 .‘
512 1099 622 1176 condi
640 1124 772 1200 corpus
791 1099 963 1195 iusserat,
980 1121 1057 1172 non
1075 1094 1240 1171 comburi
1249 1096 1271 1169 ¹.
1299 1094 1363 1171 sed
1381 1094 1425 1170 L.
1443 1092 1660 1195 Philippus²
1679 1095 1917 1172 cremandum
1935 1099 2058 1200 potius

288 1309 347 1358 676.

269 1235 379 1288 ΑΜ·
404 1236 556 1330 censuit,
581 1259 630 1310 ne
654 1234 753 1309 idem
772 1233 898 1311 Sullae
923 1233 1086 1309 eveniret
1111 1230 1211 1331 quod
1237 1229 1285 1305 G.
1303 1229 1440 1326 Mario,
1465 1231 1570 1307 cuius
1597 1256 1729 1332 eorpus
1754 1231 1890 1308 milites
1916 1222 2059 1312 inimici

405 1384 609 1446 extractum
634 1382 870 1445 monumento
896 1369 1103 1445 disicerant
1129 1366 1254 1467 itaque
1280 1366 1462 1442 iustitium
1486 1366 1568 1463 fuit,
1594 1379 1856 1468 matronaeque
1877 1395 1963 1446 eum
1982 1383 2058 1447 toto

406 1531 503 1583 anno
541 1506 724 1580 luxerunt.
759 1505 798 1581 in
833 1531 963 1606 campo
996 1504 1136 1580 Romae
1172 1501 1337 1605 sepultus
1372 1502 1460 1598 est³,
1502 1502 1729 1605 amplissimo
1763 1502 1894 1580 funms
1928 1505 2059 1603 elatus,

405 1666 542 1742 magna
566 1639 696 1740 populi
720 1639 938 1742 frequentia.
964 1641 1070 1717 cuius
1095 1664 1187 1742 rogo
1213 1666 1329 1743 quum
1354 1638 1453 1741 ignis
1475 1650 1571 1715 esset
1589 1638 1744 1733 inlatus,
1769 1666 1845 1715 non
1864 1640 2059 1718 mediocris

406 1777 522 1852 imber
547 1788 602 1851 est
627 1776 824 1854 insecutus.

559 1910 712 1990 Sallusti
738 1941 830 2015 opus
862 1912 969 1990 nobis
1001 1911 1187 1988 ocounit⁴.
1219 1910 1284 1987 sed
1309 1935 1392 2007 nos,
1426 1924 1468 1987 ut
1492 1910 1735 2008 instituimus,
1766 1936 1889 1988 moras
1921 1926 1958 1989 ct
1985 1940 2060 1989 non

406 2049 576 2151 urgentia
601 2049 821 2126 omittemus.
859 2076 948 2125 nam
974 2047 1192 2125 Sallustium
1223 2074 1300 2123 non
1330 2060 1371 2123 ut
1396 2045 1562 2123 historici
1586 2059 1689 2144 sunt,
1723 2046 1788 2122 sed
1814 2060 1855 2122 ut
1880 2063 2073 2147 oratorem,

285 2205 355 2258 ¹001.
365 2209 390 2257 2.
407 2181 644 2286 legendum':
670 2185 763 2260 'nam
794 2199 831 2261 et
861 2199 1027 2287 tempora
1055 2184 1291 2285 reprehendit
1321 2209 1389 2259 sua
1421 2196 1457 2258 et
1488 2182 1622 2260 delicta
1647 2182 1781 2284 carpit,
1814 2196 1851 2259 et
1874 2187 2062 2262 convitia⁶

283 3157 348 3213 ὀ.
376 3154 392 3210 ’.
410 3138 600 3235 reducere,
626 3165 684 3213 res
711 3153 833 3238 gestas
860 3167 882 3214 a
908 3138 1032 3216 Sulla‘
1057 3141 1274 3237 rescindere,
1300 3139 1339 3213 in
1366 3163 1524 3240 quorum
1549 3163 1681 3241 agrum
1706 3140 1822 3216 ...sl
1841 3140 2063 3217 deduxerat⁵

407 2321 556 2422 ingerit,
589 2333 625 2394 et
650 2319 713 2395 dat
743 2321 783 2396 in
810 2323 985 2399 censuml
1010 2323 1093 2398 loca
1117 2332 1260 2397 montes
1285 2320 1441 2395 flumina
1467 2333 1503 2394 et
1529 2319 1599 2396 hoc
1626 2344 1744 2420 genus
1770 2319 1993 2415 amovenda,
2024 2337 2061 2398 et
2171 2344 2175 2351 ·

407 2457 557 2557 culpat⁰
582 2469 618 2530 et
643 2470 820 2556 conparat
846 2457 1070 2535 disserendo
1101 2456 1243 2534 Verum
1270 2458 1409 2532 ...cotl
1426 2480 1564 2557 genera
1577 2453 1625 2558 (7)
1650 2454 1791 2531 tribuni
1814 2455 1956 2557 plebis‘
1975 2483 2062 2534 con·

408 2594 518 2687 sules,
538 2592 593 2666 uti
611 2593 846 2669 tribuniciam
863 2608 1081 2696 potestatem
1101 2594 1343 2669 restituerent.
1369 2594 1521 2695 negavit
1541 2593 1641 2693 prior
1659 2591 1833 2692 Lepidus,
1860 2595 1953 2669 etin
1975 2619 2062 2670 con·

407 2731 570 2806 tionem?
596 2755 734 2830 magna
765 2756 851 2830 pars
884 2731 1099 2808 adsensastc
1125 2730 1277 2807 dicenti:
1312 2757 1388 2805 non
1420 2755 1499 2805 esse
1530 2728 1620 2804 utile
1652 2728 1797 2804 restitui
1826 2728 2062 2806 tribuniciam

408 2879 641 2968 potestatem3
667 2880 704 2941 et
722 2879 823 2942 extat
840 2869 965 2943 oratio.
997 2869 1119 2970 legem
1139 2866 1419 2943 frumentariam
1443 2865 1548 2940 nullo
1574 2865 1767 2941 resistente
1792 2863 1972 2966 adeptusi
1996 2882 2060 2962 est,

409 3015 451 3078 ut
469 3028 637 3078 annonae
655 3004 819 3105 quinque
836 3002 938 3078 modi
955 3006 1093 3105 populo
1113 3005 1297 3099 darentur,
1323 3014 1359 3077 et
1377 3001 1452 3077 alia
1470 3001 1588 3076 multa
1605 2999 1911 3104 pollicebantur&
1935 3004 2061 3080 exules

410 3296 473 3345 sa.
490 3327 498 3344 .
515 3330 522 3343 .
537 3269 640 3347 fuere
669 3271 869 3349 Faesulani
900 3277 939 3350 in
973 3335 1202 3351 ..........
1237 3275 1389 3353 castella
1421 3275 1673 3351 Romanorum
1705 3275 1811 3352 Sulla
1843 3279 2061 3377 possessori·
2168 3331 2176 3385 t

409 3405 500 3481 busl
519 3408 648 3483 occisis
668 3435 776 3510 agros
791 3468 799 3482 .
815 3469 823 3483 .
840 3468 848 3484 .
863 3436 903 3487 os
924 3411 1162 3488 reddiderunt
1180 3426 1216 3487 et
1236 3471 1243 3485 .
1260 3471 1292 3485 ..
1316 3423 1406 3486 natu
1425 3408 1671 3487 defendebant
1691 3469 1897 3488 .........
1916 3426 2060 3513 agreste
2163 3410 2172 3433 “’

495 3612 526 3679 n)
548 3615 587 3665 sic
603 3613 783 3679 scribendum
802 3617 872 3668 idem
890 3617 1014 3683 proponit
1034 3619 1074 3669 Μ.
1145 3617 1174 3682 b)
1193 3633 1302 3670 censum
1319 3618 1359 3669 77.
1430 3615 1456 3684 c)
1475 3618 1565 3685 culpat
1583 3619 1622 3671 Μ.
1695 3617 1730 3684 d)
1750 3617 1859 3688 {indiJce
1876 3621 2063 3686 proponit&

409 3710 529 3775 fatam
552 3714 656 3770 animi,
686 3716 715 3760 at
739 3710 791 3761 iuna
812 3711 882 3762 idem
904 3719 1003 3774 sentit,
1026 3710 1097 3764 bisce
1120 3713 1222 3764 litteris
1244 3712 1351 3766 verbum
1373 3712 1457 3774 lutet,
1481 3714 1550 3780 quod
1573 3713 1649 3781 infra
1670 3718 1731 3780 ,aa
1755 3728 1832 3765 necea
1855 3712 1956 3765 tribuni
1977 3713 2063 3780 plebis

411 3803 588 3856 desideratur.
651 3803 679 3870 c)
697 3806 736 3856 sic
753 3812 826 3857 recte
839 3806 878 3855 Μ.
939 3806 970 3874 f)
988 3806 1070 3859 scribi
1089 3807 1170 3858 etium
1187 3815 1278 3873 potest
1296 3808 1324 3858 in
1343 3808 1473 3873 sonuere,
1492 3807 1784 3875 annominemus
1801 3808 1962 3860 litterani!
1980 3816 2026 3861 nst
2045 3808 2063 3860 S

408 3899 465 3949 tine
482 3898 663 3951 alteratione
682 3898 722 3950 bis
739 3900 838 3966 percit.
919 3901 950 3967 9]
967 3901 1104 3954 adsensast
1122 3902 1160 3953 Μ.
1244 3899 1274 3969 b)
1293 3901 1402 3969 adeptus
1421 3903 1461 3954 Μ.
1541 3903 1566 3967 i)
1583 3901 1758 3969 pollicebatur
1776 3903 1808 3952 Μ
1813 3920 1822 3965 5
1847 3904 2015 3957 ..sinebatur
2033 3911 2062 3954 at

408 3992 511 4044 videtur
529 3994 586 4044 ced.
657 3991 686 4056 k)
708 4010 742 4044 un
762 3995 897 4061 lepcadnm
916 3995 1032 4047 milites?
1102 3996 1129 4063 l)
1146 3998 1196 4058 sic,
1215 3997 1244 4048 ui
1261 3997 1357 4064 fuller,
1374 3996 1541 4050 scribendum
1558 4014 1608 4063 pre
1627 3997 1975 4052 sunnanosmlnn·

473 4162 506 4248 l)
528 4161 621 4230 Sulla
640 4184 755 4250 eorpus
770 4184 862 4228 suum
883 4163 977 4230 condi
996 4165 1142 4249 iusserat,
1164 4188 1211 4232 se·
1323 4166 1359 4252 4)
1383 4163 1516 4233 Sallusti
1526 4166 1692 4234 Historiae
1718 4190 1748 4234 a.
1770 4169 1835 4236 676
1857 4171 2063 4258 incipiebant,

408 4270 546 4339 cundum
566 4282 710 4338 veterem
726 4258 896 4339 Gemellae
916 4274 1022 4361 gentis
1044 4287 1210 4342 consuetu·
1261 4296 1362 4363 quare
1383 4274 1444 4341 boo
1470 4275 1540 4363 ipso
1565 4276 1637 4343 loco
1661 4276 1802 4346 Granius
1831 4280 1967 4368 primam
1995 4281 2063 4348 eius

408 4379 529 4465 dinem,
552 4404 617 4469 qua
639 4381 781 4448 comburi
802 4393 944 4449 mortuos
965 4384 1101 4450 vetitum
1123 4394 1209 4469 erat,
1259 4384 1455 4451 mentionem
1477 4387 1587 4472 affert,
1619 4387 1676 4453 cfr.
1699 4387 1831 4456 Sallusti
1852 4389 1938 4455 Hist.
1960 4388 2017 4455 lib.
2034 4391 2062 4473 l,

409 4490 466 4554 cfr.
487 4490 668 4558 Mommsen
689 4492 732 4558 R.
751 4491 794 4558 G.
812 4490 863 4575 Π,
881 4493 944 4558 376
967 4493 1043 4560 edit.
1066 4493 1199 4561 secund.
1259 4495 1374 4584 fragm
1399 4495 1437 4561 1:
1469 4497 1534 4563 Rea
1557 4499 1675 4585 populi
1699 4499 1841 4566 Bennoi
1867 4499 1913 4563 Μ.
1940 4499 2063 4587 Lepido

472 4600 505 4680 2)
526 4600 595 4666 scil.
611 4600 650 4667 Ia
661 4600 803 4667 Marcius
819 4601 997 4691 Philippus,
1014 4626 1078 4670 cos.
1097 4626 1125 4670 a
1137 4604 1210 4670 663.
1260 4605 1297 4685 Q.
1320 4605 1431 4673 Gaulo
1453 4605 1552 4690 Cosa,
1581 4631 1620 4674 ac
1641 4607 1755 4675 deinde
1773 4608 1907 4674 malitiae
1928 4622 1958 4675 et
1979 4609 2067 4678 dorni

470 4707 505 4793 6)
528 4710 585 4774 cfr.
606 4709 679 4777 Liv.
696 4710 786 4799 Epit.
808 4708 863 4778 lib.
875 4712 933 4777 90:
955 4713 1048 4780 Saldo
1069 4712 1209 4797 meam,
1256 4726 1363 4800 peston
1383 4716 1552 4802 composui.

407 4817 563 4904 deamque
577 4819 610 4883 e·
622 4843 644 4884 a
660 4833 771 4887 senatu
788 4821 912 4886 buddas
930 4833 975 4888 eet
994 4834 1030 4888 ut
1049 4822 1086 4889 7η
1100 4844 1209 4908 eampo
1323 4821 1358 4908 b)
1381 4822 1440 4890 cir.
1461 4824 1535 4892 Liv.
1559 4825 1637 4916 epit.
1659 4825 1716 4893 89:
1742 4826 1836 4894 Sallu
1857 4876 1906 4895 ...
1928 4829 1992 4896 XL
1999 4831 2065 4897 VII

408 4926 527 4994 Martio
541 4927 726 5012 sepeliretur
731 4953 744 5014 ,·
763 4927 906 5018 Ap‘pian.
929 4930 970 4997 B.
991 4929 1031 4999 C.
1049 4930 1077 5015 1,
1099 4929 1160 4998 105
1176 4939 1209 4997 et
1258 4931 1396 5022 kqwaea
1416 4935 1452 5000 s'a
1480 4958 1576 5024 apres
1596 4947 1704 5024 captes
1724 4933 1858 5004 aduae
1886 4950 1915 5005 et
1939 4962 1991 5007 eoa
2010 4940 2060 5007 lc'a

409 5035 485 5120 1063
506 5034 671 5102 Plutarch.
692 5036 725 5103 in
748 5036 839 5107 Sulla
860 5063 932 5130 cap.
945 5041 998 5108 68.
1258 5041 1384 5126 dicist’t5
1410 5042 1551 5132 Appian.
1574 5042 1612 5111 B.
1633 5041 1673 5112 O.
1693 5044 1721 5129 1,
1744 5067 1814 5134 cap.
1832 5045 1874 5114 96
1895 5057 1928 5115 et
1945 5047 2017 5115 100.
